2101 3492
643 1005 1344 1102 'Adnotationes

337 1254 370 1307 ¹)
402 1253 530 1297 Pers.
556 1257 620 1295 22.
655 1256 748 1296 300.
781 1258 876 1297 480.
919 1254 1079 1311 Suppl.
1114 1259 1206 1299 239.
1249 1257 1404 1300 Prom.
1438 1260 1530 1300 200.
1564 1260 1657 1300 639.
1683 1262 1777 1302 703.

218 1329 314 1397 784.
339 1329 433 1370 8⁶21.
476 1327 567 1381 Ag.
592 1329 687 1370 ⁵268.
738 1327 875 1371 Eum.
904 1332 938 1371 1.
959 1328 1014 1370 fr.
1038 1331 1103 1371 29.
1141 1332 1219 1372 184
1241 1343 1340 1385 sqq.
1373 1332 1449 1372 189
1482 1343 1548 1386 sq.
1581 1330 1781 1374 Hesiodi

220 1400 275 1444 fr.
314 1403 390 1443 162
422 1399 571 1443 Kink.
604 1401 653 1443 in
684 1399 865 1443 Phineo
899 1415 1176 1457 expressum
1207 1415 1308 1445 esse
1339 1403 1604 1457 putandum
1635 1406 1714 1446 est.

337 1485 373 1538 2)
406 1484 594 1528 Ostium
625 1486 752 1528 enim
773 1484 873 1528 Nili
904 1486 979 1528 Vel
1010 1486 1137 1528 delta
1167 1489 1317 1529 totum
1346 1490 1511 1542 poetae
1540 1488 1589 1529 in
1622 1488 1781 1530 animo

219 1558 368 1602 fuisse
405 1560 540 1614 puto,
584 1559 671 1601 etsi
712 1559 811 1613 ipse
847 1572 942 1600 non
983 1559 1106 1601 dicit.
1168 1560 1292 1602 Ante
1322 1559 1620 1602 Herodotum
1656 1560 1783 1602 enim

218 1632 351 1675 >delta
399 1627 555 1675 selum
592 1632 840 1686 Aegyptus
891 1644 992 1674 esse
1036 1632 1318 1675 credebatur
1362 1632 1487 1681 (Her.
1526 1632 1573 1675 II
1614 1635 1695 1685 15).
1739 1635 1785 1675 et

222 1705 519 1760 Aeschylum
577 1719 761 1761 quoque
824 1705 923 1747 eius
981 1706 1236 1748 sententiae
1293 1706 1571 1760 participem
1633 1705 1779 1747 fuisse

220 1792 305 1834 per
348 1792 398 1822 se
439 1779 543 1822 veri
591 1778 743 1821 simile
787 1781 856 1821 est
898 1781 942 1821 et
979 1778 1104 1820 infra
1144 1779 1346 1833 probare
1385 1778 1603 1821 conabor.
1663 1777 1781 1819 Tam

216 1865 362 1908 saepe
406 1855 583 1905 autem,
626 1853 677 1894 in
709 1851 1012 1907 Supplicibus
1056 1852 1281 1902 maxime,
1326 1851 1410 1894 sed
1447 1853 1491 1893 et
1529 1850 1633 1893 aliis
1663 1850 1780 1893 locis

219 1925 428 1981 Aegypti
466 1939 641 1968 nomen
684 1925 843 1980 aliquo
881 1924 1022 1967 modo
1060 1924 1426 1975 circumscribit,
1471 1936 1579 1965 cum
1615 1922 1782 1965 Nilum

219 1998 442 2055 appellet,
488 1999 588 2041 sive
632 1998 690 2041 de
734 1999 839 2053 ipsa
881 2000 1008 2040 terra
1038 1998 1138 2039 sive
1175 1997 1232 2039 de
1262 1996 1429 2039 incolis
1460 1996 1688 2051 loquitur,
1731 1997 1783 2037 ut

214 2084 327 2115 eam
356 2073 542 2127 partem
569 2071 779 2114 maxime
801 2070 1010 2113 fluminis
1041 2071 1091 2112 in
1113 2070 1272 2112 animo
1294 2069 1517 2112 habuisse
1548 2068 1780 2120 videatur,

214 2158 341 2201 *quae
372 2158 458 2201 per
478 2146 766 2200 Aegyptum,
798 2145 826 2186 i.
860 2158 895 2186 e.
929 2157 1013 2199 per
1045 2143 1198 2185 deltae
1225 2143 1467 2196 regionem
1496 2141 1622 2183 fluat.
1671 2139 1781 2183 Non

219 2218 388 2273 ignoro
432 2232 542 2261 eum
584 2218 780 2260 scivisse
817 2216 917 2259 Nili
958 2217 1110 2259 fontes
1152 2217 1197 2258 in
1238 2214 1489 2269 Aethiopia
1529 2213 1626 2255 fere
1668 2213 1782 2255 sitos

214 2304 335 2334 esse.
386 2291 564 2334 Tamen
589 2291 646 2334 de
668 2290 890 2333 inferiore
911 2290 1119 2331 maxime
1149 2288 1294 2330 fluvio
1318 2287 1504 2329 videtur
1534 2286 1779 2340 cogitasse.

219 2363 329 2408 Huc
350 2365 496 2408 etiam
525 2365 728 2420 pertinet
758 2362 987 2405 Hecataei
1016 2362 1169 2413 locus,
1203 2374 1295 2415 quo
1328 2360 1440 2402 dicit
1469 2357 1621 2406 Νεῖλος
1651 2352 1781 2405 πόλις

223 2433 462 2490 Αἰγύπτου
492 2439 520 2481 i.
554 2452 590 2481 e.
625 2437 791 2479 deltae.
853 2435 925 2487 (fr.
958 2438 1070 2485 277).

336 2523 371 2575 3)
402 2521 619 2566 Herodot
668 2520 767 2563 und
813 2519 1103 2569 Hekataeos,
1148 2516 1355 2560 Hermae
1398 2516 1490 2558 vol.
1533 2515 1688 2568 XXII,
1736 2528 1780 2569 p.

222 2598 307 2638 422
340 2596 448 2638 adn.

338 2681 370 2732 ⁴)
402 2679 458 2723 cf.
492 2678 897 2722 Wiedemannum
929 2689 967 2718 a.
1000 2675 1028 2717 1.

337 2762 368 2811 ³³)
399 2758 454 2801 fr.
497 2761 576 2800 110
614 2758 713 2799 sive
751 2755 965 2811 quisquis
1008 2753 1108 2795 eius
1146 2752 1444 2807 Aegyptiaca
1486 2749 1779 2805 conscripsit.

219 2831 281 2874 cf.
315 2830 630 2875 Gutschmied
661 2828 831 2872 Philol.
864 2827 922 2870 X.
956 2828 1036 2869 538
1068 2839 1168 2881 sqq.

337 2911 368 2962 6)
400 2911 499 2953 Sive
531 2914 861 2961 oeuvozowcew,
893 2907 944 2947 ut
973 2903 1257 2957 Lobeckius‚
1289 2904 1388 2946 sive
1418 2894 1777 2953 κάσεμνοκόμπει,

219 2985 274 3025 ut
294 2982 584 3026 Dindorfius.
635 2982 773 3023 'Prior
796 2991 960 3022 versus
984 2977 1043 3019 ad
1072 2977 1200 3019 illius
1233 2977 1331 3019 vini
1364 2974 1778 3030 comparationem,
