2101 3492
798 383 1076 421 --11-

164 508 214 550 in
244 505 603 561 Persepolitana
633 507 739 560 post
769 504 1045 559 Aegyptum
1080 504 1130 545 in
1161 503 1317 558 ipsam
1347 500 1562 543 Persiam
1595 499 1720 542 redi-

158 583 239 623 tur
273 579 383 623 inde
430 579 721 621 directa‘via
751 591 836 633 per
866 577 1149 620 Armeniam
1190 578 1236 618 et
1266 573 1626 630 Cappadociam
1659 573 1722 614 ad

165 653 374 698 Graecos
396 652 738 696 continentales
760 654 805 694 et
826 650 1084 693 insulanos.
1137 650 1193 692 In
1214 648 1476 692 Behistana
1505 647 1577 699 (B)
1602 646 1718 689 ordo

159 727 378 770 turbatus
429 727 509 769 est.
570 725 766 768 ‘Insulae
816 725 964 766 maris
1014 723 1351 765 mediterranei
1402 721 1549 777 priori
1597 720 1723 776 parti

163 799 525 854 subiungendae
569 799 803 847 videntur,
846 797 1009 840 Media
1050 797 1199 852 partis
1242 795 1480 838 secundae
1518 794 1724 837 debebat

158 875 348 917 initium
389 886 504 917 esse.
579 872 808 916 Ordinem
855 871 998 913 huius
1040 870 1189 925 partis
1238 869 1577 925 depravatum,
1627 881 1723 909 non

160 947 423 1003 genuinum
472 948 517 989 et
559 945 774 989 consulto
817 957 920 988 esse
967 944 1034 986 ita
1075 945 1407 998 comparatum
1448 942 1559 984 inde
1610 954 1725 997 quo-

161 1034 253 1077 que
293 1021 590 1076 perspicitur,
635 1019 764 1075 quod
798 1018 962 1071 Jonia,
1006 1018 1128 1060 sicut
1168 1017 1218 1059 in
1261 1016 1482 1058 omnibus
1525 1015 1727 1070 inscrip-

161 1095 387 1147 tionibus,
430 1095 538 1149 post
569 1092 744 1136 Sardes
776 1092 972 1134 affertur
1009 1090 1069 1146 (p.
1103 1094 1140 1142 5,
1172 1093 1240 1143 47,
1274 1090 1355 1137 51).
1418 1087 1575 1139 Quare
1607 1088 1728 1131 nihil

162 1167 281 1210 mihi
319 1167 618 1222 sumpserim,
662 1166 702 1208 si
745 1165 921 1210 Sardes
964 1167 1010 1207 et
1049 1164 1242 1207 Joniam
1284 1165 1391 1219 post
1434 1162 1599 1217 Cappa·
1644 1162 1728 1204 do-

164 1242 299 1294 ciam,
332 1254 453 1296 quae
493 1240 833 1283 duodecimum
875 1238 1056 1281 ordinis
1099 1238 1259 1280 locum
1302 1239 1439 1290 tenet,
1481 1235 1728 1291 ponendas

161 1315 328 1367 fuisse,
360 1313 446 1357 sed
475 1327 635 1357 errore
668 1313 880 1368 quodam
910 1313 1032 1355 inter
1073 1311 1257 1354 insulas
1299 1310 1407 1353 illas
1440 1312 1484 1352 et
1514 1309 1730 1352 Mediam

162 1388 497 1431 intercalatam
541 1400 643 1430 esse
685 1389 809 1442 puto.
873 1371 979 1437 Qua
1022 1385 1205 1428 ratione
1236 1384 1275 1427 P
1307 1387 1352 1427 et
1382 1383 1421 1426 B
1452 1383 1593 1439 plane
1629 1383 1727 1425 fere

164 1463 433 1506 concinunt.
458 1486 511 1490 -
535 1461 593 1504 In
616 1460 834 1503 orientali
864 1462 997 1516 parte
1029 1459 1361 1514 inscriptiones
1392 1472 1488 1500 non
1519 1459 1584 1500 ita
1616 1471 1728 1500 con-

167 1536 379 1579 sentiunt
398 1536 521 1578 inter
543 1548 604 1588 se,
621 1548 742 1590 quae
765 1546 839 1576 res
855 1533 1086 1589 explicari
1100 1534 1264 1588 potest,
1280 1545 1390 1574 cum
1406 1544 1486 1573 eas
1508 1531 1726 1585 regiones

166 1609 477 1665 Paropamiso
508 1622 605 1650 non
635 1611 732 1650 tam
765 1610 892 1650 certo
916 1606 1124 1649 discerni
1145 1606 1425 1660 cogitamus,
1454 1618 1601 1661 quam
1621 1604 1730 1647 illas

167 1683 365 1731 mari.¹⁷)
425 1682 603 1724 Tamen
640 1681 717 1724 hic
750 1694 938 1737 quoque
981 1680 1135 1723 multa
1165 1681 1437 1734 congruunt
1479 1682 1730 1733 terra-eque

166 1756 473 1812 proferuntur
503 1755 673 1797 eadem
702 1754 801 1797 fere
833 1755 965 1796 serie.
1015 1752 1127 1796 Non
1150 1753 1287 1795 aliter
1309 1753 1367 1795 de
1390 1754 1561 1807 quarta
1591 1754 1726 1807 parte

165 1830 481 1873 iudicandum
512 1831 594 1881 est,
626 1828 711 1871 sed
741 1828 820 1871 hic
852 1828 1043 1870 ordines
1073 1828 1230 1881 magis
1258 1827 1543 1881 discrepant,
1574 1828 1729 1868 terrae

169 1906 281 1946 sunt-
311 1903 517 1946 eaedem.

280 1976 481 2020 Accedit
522 1976 688 2019 tert-ius
732 1975 897 2018 titulus
948 1976 1162 2031 repertus
1214 1974 1276 2016 ad
1318 1972 1597 2028 Persepolin
1649 1973 1731 2027 qui

167 2050 302 2094 locus
353 2050 621 2106 appellatur
669 2049 1073 2105 Naqs-i-Rustam
1123 2048 1199 2101 (=
1228 2047 1374 2090 NRa:
1420 2046 1617 2102 Spieg.),
1650 2046 1734 2100 qui

170 2124 422 2179 postremis
465 2124 602 2166 annis
633 2123 794 2176 Darei,
839 2122 923 2165 sed
966 2124 1074 2165 ante
1119 2134 1332 2177 pugnam
1375 2119 1732 2163 Marathoniam

170 2198 360 2240 videtur
389 2197 656 2252 insculptus
688 2209 790 2240 esse
823 2196 866 2245 (l.
891 2209 926 2238 c.
959 2209 1002 2252 p.
1030 2198 1138 2249 102).
1195 2194 1433 2249 Regiones
1464 2192 1554 2235 hoc
1586 2192 1730 2234 modo

169 2271 349 2327 profert
367 2270 425 2327 (p.
444 2272 533 2323 51):
570 2270 795 2324 Mediam,
820 2270 1089 2322 Susianam,
1112 2267 1373 2320 Parthiam,
1397 2267 1579 2319 Ariam,
1611 2265 1733 2309 Bac-

173 2345 328 2398 triam,
352 2343 660 2398 Sogdianam,
677 2342 1023 2395 Chorasmiam,
1038 2343 1382 2397 Drangianam,
1398 2339 1730 2392 Arachosiam,

173 2402 475 2473 Sattagydas,
499 2416 810 2469 Gandariam,
841 2416 1044 2469 Indiam,
1074 2415 1234 2468 Sacas,
1256 2414 1566 2469 Babylsmem,
1583 2415 1732 2467 Assy-

171 2492 307 2543 riam,
329 2491 578 2543 Arabiam,
600 2491 887 2546 Aegyptum,
910 2489 1205 2541 Armeniam,
1229 2487 1599 2543 Cappadociam,
1624 2486 1734 2529 Sar-

172 2565 274 2616 des,
323 2564 490 2617 JoneS,
546 2563 749 2619 Scythas
802 2563 1171 2613 transmarinos,
1230 2561 1439 2605 Scudras
1459 2561 1531 2613 (P),
1585 2560 1733 2602 dones

177 2638 286 2693 „qui
316 2651 516 2681 coronas
548 2636 744 2693 gerunt“
781 2638 1044 2692 sequuntur
1076 2635 1224 2678 dubia
1259 2635 1453 2676 nomina
1488 2635 1732 2689 quattuor:

177 2713 366 2769 Putiya,
424 2713 667 2767 Kushiya,
727 2710 919 2765 Maciya
977 2708 1148 2751 Karka
1185 2708 1229 2759 (1.
1270 2708 1338 2759 c.).
1421 2707 1733 2750 Coniecturas

178 2787 421 2829 variorum
458 2786 723 2843 Spiegelius
762 2784 964 2837 collegit.
1025 2781 1118 2825 Hic
1160 2781 1309 2824 multo
1347 2780 1582 2823 recentior
1626 2780 1733 2822 titu-

176 2859 251 2902 lus
301 2872 528 2914 magnam
577 2861 762 2915 partem
811 2860 1047 2900 terrarum
1091 2868 1237 2912 quam
1291 2853 1363 2897 illi
1410 2867 1505 2895 non
1558 2852 1737 2895 hahent

177 2933 325 2976 affert.
375 2933 559 2976 Eodem
588 2932 814 2988 temporis
845 2929 1097 2974 intervallo
1130 2928 1453 2983 discrepantia
1481 2927 1635 2970 maior
1657 2940 1736 2968 ex-

176 3006 348 3061 plicari
378 3008 541 3061 potest,
573 3020 693 3062 quae
726 3005 783 3048 de
820 3004 1044 3047 universo
1083 3002 1250 3045 ordine
1290 3002 1455 3044 exstat.
1517 2999 1646 3041 Nam
1682 2999 1727 3039 in
