2101 3492
177 537 476 594 Babylonem
517 538 567 581 in
609 538 703 581 fine
745 540 918 595 prioris
960 540 1110 596 partis
1154 540 1314 594 affert,
1356 541 1640 597 priusquam
1683 541 1747 583 ad

177 611 291 654 solis
323 613 481 654 ortum
510 612 882 667 transgreditur3
925 613 976 656 id
1013 613 1142 669 quod
1179 627 1236 656 ea
1271 627 1322 656 re
1354 613 1587 669 explicari
1616 615 1746 670 puto,

177 684 306 741 quod
337 684 527 728 tabulas
548 684 781 739 Persicas,
814 699 871 729 ex
903 687 1077 742 quibus
1108 686 1234 730 tituli
1261 687 1486 743 exscripti
1506 686 1745 740 videntur,

175 758 280 801 vias
302 757 599 812 significasse
620 759 880 802 verisimile
902 762 984 813 est,
1016 760 1190 816 quibus
1213 773 1240 802 a
1266 760 1419 816 capite
1451 761 1589 815 regni
1610 759 1745 804 Susis

176 830 239 874 ad
270 844 434 874 omnes
464 834 624 887 partes
655 833 810 875 nuntii
832 832 908 876 vel
937 833 1085 888 legati
1113 834 1436 876 mittebantur.
1491 832 1597 885 Qua
1617 834 1746 877 enim

175 904 273 947 alia
303 904 362 947 de
393 917 541 948 causa
570 906 847 960 provinciae
880 906 1097 961 singulae
1128 906 1376 949 radiorum
1400 906 1558 949 forma
1588 920 1617 949 a
1645 919 1747 950 me-

175 977 268 1020 diis
300 976 434 1022 Susis
465 981 888 1022 enumerarentur?
935 979 1039 1022 Has
1073 982 1232 1023 autem
1254 980 1357 1022 vias
1388 993 1486 1022 non
1517 994 1545 1022 a
1574 979 1747 1023 Persa-

173 1064 283 1094 rum
324 1051 519 1105 regibus
561 1052 772 1107 primum
816 1052 1092 1096 aedificatas
1137 1066 1258 1106 esse,
1303 1053 1388 1096 sed
1424 1053 1484 1096 ab
1517 1053 1744 1109 Assyriis,

175 1126 433 1180 antequam
484 1125 543 1167 ab
594 1124 689 1167 illis
741 1125 929 1169 subacti
971 1128 1130 1179 erant,
1182 1125 1511 1182 compluribus
1552 1126 1746 1170 indiciis

173 1196 432 1253 Kiepertus
482 1198 597 1240 satis
650 1198 978 1254 cemprobavit
1009 1199 1053 1251 (l.
1077 1198 1149 1252 0.).
1211 1198 1367 1255 Caput
1417 1200 1565 1254 igitur
1605 1200 1745 1255 regni

173 1270 393 1326 Babylon
426 1273 546 1324 erat,
582 1285 679 1314 non
711 1271 846 1316 Susa.
907 1271 1288 1328 Nonnumquam
1318 1273 1508 1316 tabulas
1539 1273 1663 1316 inter
1693 1286 1747 1315 se

173 1343 460 1400 discrepare,
489 1347 631 1401 atque
651 1346 935 1401 praesertim
955 1346 1006 1388 in
1026 1346 1173 1388 initiis
1197 1345 1499 1401 singularum
1518 1347 1741 1402 partium,

172 1417 395 1461 vidimus.
475 1417 850 1474 Inscriptionum
900 1419 1094 1474 quidem
1143 1419 1282 1462 nobis
1332 1421 1557 1462 notarum
1607 1419 1743 1462 nulla

170 1490 471 1547 Babylonem
507 1505 561 1534 eo
599 1492 704 1535 1000
746 1492 896 1547 ponit:
939 1494 1100 1535 tamen
1129 1492 1533 1535 verisimillimum
1576 1495 1646 1535 est
1684 1506 1739 1536 ac

169 1576 321 1620 paene
364 1567 547 1608 certum
588 1565 707 1607 alias
751 1578 939 1621 quoque
981 1566 1192 1608 extitisse
1234 1568 1279 1608 et
1316 1565 1376 1608 ab
1408 1565 1504 1608 illis
1542 1566 1738 1622 quidem

177 1637 467 1693 quibusdam
498 1638 641 1681 rebus
672 1639 938 1681 recessisse.

283 1711 341 1754 In
376 1710 451 1754 his
482 1710 781 1766 Babylonem
816 1711 903 1754 tali
937 1711 1081 1754 modo
1120 1711 1317 1754 allatam
1354 1711 1500 1754 fuisse
1535 1725 1633 1754 non
1671 1715 1743 1755 est

172 1784 288 1840 quin
311 1785 555 1839 cogitetur.
587 1784 841 1827 Eiusmodi
858 1787 1019 1827 autem
1039 1785 1399 1840 inscriptionem
1422 1786 1740 1841 antiquiorem

168 1857 266 1900 illis
302 1857 448 1900 fuisse
486 1860 700 1913 apparet,
746 1871 856 1900 cum
888 1858 1060 1900 veteris
1097 1858 1287 1913 imperii
1316 1858 1507 1913 Assyrii
1536 1859 1741 1913 vestigia

168 1931 220 1973 in
257 1943 313 1973 ea
351 1930 781 1986 deprehendantur.
844 1930 1006 1973 Talem
1043 1930 1285 1974 Hecataeo
1324 1932 1589 1974 occurrisse
1627 1931 1739 1974 licet

171 2005 471 2060 suspicemur
502 2007 546 2047 et
574 2018 633 2047 ex
654 2017 708 2047 eo
735 2007 925 2060 poetam
945 2007 1218 2047 mutuatum
1246 2017 1361 2047 esse.
1414 2003 1554 2056 Quod
1574 2004 1614 2047 B
1637 2007 1683 2048 et
1702 2004 1744 2047 P

173 2077 234 2121 ab
267 2090 441 2120 occasu
473 2077 586 2119 solis
616 2078 870 2133 incipiunt,
914 2077 1037 2120 NRa
1068 2077 1287 2120 ordinem
1316 2078 1529 2131 invertit,
1573 2078 1742 2121 eadem

174 2150 232 2193 de
274 2163 422 2193 causa
461 2149 642 2194 factum
684 2150 885 2193 videtur.
947 2151 1204 2206 Assyrium
1245 2163 1450 2205 regnum
1483 2152 1639 2206 magis
1678 2151 1741 2194 ad

172 2223 286 2266 solis
319 2236 544 2267 occasum
576 2224 834 2280 spectabat,
866 2223 1124 2267 Persarum
1154 2224 1273 2266 fines
1304 2225 1459 2279 magis
1491 2225 1744 2280 magisque

175 2297 237 2340 ad
286 2298 515 2340 orientem
563 2296 713 2340 solem
758 2297 1140 2353 proferebantur,
1186 2296 1299 2352 Cyri
1340 2297 1550 2340 maxime
1594 2310 1741 2353 expu-

174 2359 499 2426 gnationibus,
542 2371 629 2413 etsi
659 2371 796 2414 nobis
827 2370 1082 2413 traditione
1114 2371 1401 2426 scriptorum
1440 2369 1738 2413 Graecorum

175 2444 363 2487 notiora
393 2446 514 2497 sunt,
548 2457 669 2500 quae
700 2444 750 2486 in
781 2443 1157 2487 occidentalibus
1189 2444 1328 2486 terris
1349 2446 1611 2498 gesserunt.
1663 2444 1744 2487 Ab

175 2516 388 2572 Assyriis
421 2519 580 2560 autem
601 2516 775 2560 Persas
798 2517 860 2559 ad
890 2517 1176 2560 imitandum
1201 2519 1301 2559 tam
1322 2529 1585 2573 propensos
1606 2518 1744 2561 tabu-

176 2589 335 2633 larum
371 2603 560 2647 quoque
597 2590 792 2633 illarum
827 2603 1011 2633 morem
1046 2592 1091 2633 et
1122 2603 1232 2633 cum
1262 2590 1320 2632 iis
1353 2589 1571 2634 ordinem
1602 2591 1745 2633 etiam

176 2662 316 2705 illum
356 2677 614 2720 usurpasse
657 2664 771 2706 satis
813 2664 916 2706 veri
966 2663 1120 2707 simile
1163 2666 1244 2706 est.
1316 2662 1499 2706 Ultima
1541 2663 1747 2720 denique

179 2736 326 2780 Darei
361 2740 514 2781 aetate
550 2751 704 2793 neque
737 2750 847 2780 vero
885 2739 991 2792 post
1022 2736 1305 2780 seditionem
1333 2736 1558 2780 Jonicam
1589 2750 1747 2780 sense-

180 2811 293 2852 runt
323 2823 546 2854 errorem.

294 2883 582 2927 Accuratius
619 2884 910 2940 quibusnam
946 2883 1212 2926 rationibus
1249 2897 1411 2926 rerum
1441 2883 1747 2927 Persicarum

181 2955 350 2998 notitia
383 2958 655 3012 pernenerit
691 2957 753 3000 ad
786 2955 996 3000 Graecos
1032 2957 1314 3011 investigari
1346 2970 1443 3000 non
1471 2970 1612 3013 posse
1650 2957 1747 2999 iam

185 3029 408 3072 diximus.
467 3029 646 3074 Tamen
681 3029 793 3073 huic
830 3043 1019 3085 quoque
1051 3031 1318 3086 quaestioni
1347 3031 1439 3073 viri
1479 3030 1606 3073 docti
1638 3043 1746 3085 ope-
