2101 3492
867 405 919 410 .-
981 385 1005 424 5
1067 406 1118 409 —

216 507 460 561 ignoraret
497 507 790 561 quantopere
827 505 997 549 talium
1038 519 1202 550 rerum
1247 505 1466 549 doctrina
1506 504 1784 548 hominibus

218 591 332 622 suae
363 578 530 621 aetatis
560 579 857 634 probaretur.

332 650 603 707 Stephanus
634 651 894 707 Byzantius
925 667 968 695 v.
1002 650 1219 706 Λιρίρνοὶ
1263 652 1391 695 1111110
1422 652 1655 708 populum
1684 650 1782 694 He-

222 726 353 768 cateo
385 726 502 768 teste
533 734 563 767 a
582 724 800 780 Libyrno
824 726 1083 769 oriundum
1105 739 1207 769 esse
1237 726 1427 782 profert.
1479 726 1606 769 Eum
1635 737 1785 767 naves

215 797 502 853 Libyrnicas
532 801 576 841 et
606 797 796 853 μανδόην
816 800 1153 842 vestImentum
1184 800 1421 842 invenisse
1453 799 1600 842 addit.
1631 797 1785 841 Muel-

214 871 344 915 lerus
376 871 443 925 (F.
475 871 534 913 H.
569 870 624 915 G.
656 872 680 915 Ι
710 872 764 914 fr.
799 875 868 924 01)
901 872 1100 926 dubitat,
1143 875 1307 915 utrum
1339 873 1501 915 omnia
1531 885 1650 925 quae
1683 870 1786 916 Ste-

218 944 407 1002 phanus
438 959 481 988 v.
515 959 551 987 c.
586 944 784 1001 profert,
826 945 1070 989 Hecataeo
1112 946 1369 989 tribuenda
1412 947 1506 988 sint
1548 959 1609 988 an
1652 946 1786 1001 prior

215 1031 328 1075 pars
361 1031 479 1070 quae
511 1019 572 1060 sit
603 1018 661 1061 de
682 1017 896 1073 Libyrno
928 1033 1163 1075 eponymo
1196 1019 1310 1062 sola.
1364 1018 1459 1063 Sed
1488 1033 1548 1062 ne
1577 1019 1663 1062 illa
1685 1019 1785 1071 qui-

217 1091 327 1135 dem
369 1092 430 1135 ab
473 1092 573 1134 eius
617 1091 724 1134 stilo
769 1092 927 1135 aliena
968 1095 1096 1146 sunt,
1147 1106 1425 1148 semperque
1465 1091 1639 1136 Graeci
1691 1105 1784 1145 qua

216 1178 427 1217 quaeque
449 1165 618 1208 civitas
650 1167 749 1208 arte
779 1167 1067 1221 praestabat,
1090 1166 1191 1209 eius
1212 1167 1538 1209 inventionem
1558 1167 1652 1222 ipsi
1673 1179 1785 1208 con-

221 1239 365 1282 ditori
395 1240 477 1281 aut
508 1238 653 1282 alicui
685 1252 745 1282 ex
776 1240 876 1282 01113
906 1240 1183 1296 propinquis
1222 1240 1481 1283 attribuere
1518 1240 1783 1282 vetustissi-

217 1312 310 1355 mis
352 1313 562 1355 maxime
604 1313 899 1368 temporibus
943 1317 1249 1367 consuerant,
1282 1314 1432 1356 veluti
1461 1313 1631 1356 Thesei
1662 1311 1786 1356 Cha-

221 1384 402 1428 rondae
426 1385 618 1428 Zaleuci
639 1385 949 1441 Mariandyni
975 1386 1194 1442 exempla
1216 1387 1399 1430 docent.
1446 1385 1603 1438 Quare
1624 1386 1786 1429 nescio

217 1472 280 1501 an
309 1459 413 1501 iure
444 1458 529 1501 illa-
566 1459 623 1501 de
661 1459 869 1514 mandye
900 1459 1142 1503 Hecataeo
1180 1461 1466 1504 tribuantur.
1528 1460 1634 1503 Iam
1671 1473 1786 1502 vero

220 1531 490 1587 Aeschylus
530 1533 580 1575 in
611 1532 880 1587 fragmento
913 1533 1136 1588 quodam,
1171 1534 1300 1590 quod
1332 1534 1466 1576 cuius
1509 1533 1787 1588 tragoediae

219 1606 279 1648 sit
308 1606 559 1660 ignoratur
591 1605 662 1657 (sfr.
687 1608 768 1649 354
799 1605 1005 1660 Nauck),
1036 1606 1128 1650 hoc
1152 1607 1284 1650 dicit:
1316 1607 1588 1662 Λιβιριίκῇς
1608 1603 1786 1662 μίμημα

217 1674 407 1733 μανδύης
441 1673 581 1729 χιτών.
642 1678 965 1734 Cogitandum
998 1682 1067 1723 est
1096 1679 1393 1723 Hecataeum
1423 1694 1520 1723 non
1550 1683 1649 1723 tam
1680 1680 1787 1723 bre-

220 1752 343 1795 viter
373 1765 520 1808 quam
539 1751 861 1808 Byzantinum
893 1753 950 1796 de
981 1754 1125 1797 rebus
1156 1754 1251 1796 illis
1284 1755 1449 1809 egisse,
1483 1754 1568 1797 sed
1598 1768 1622 1796 e
1652 1767 1788 1796 more

221 1838 307 1868 suo
342 1825 618 1880 diligentius
651 1839 731 1869 eas
764 1826 1086 1882 descripsisse.
1148 1826 1420 1883 Aeschylus
1453 1829 1612 1870 autem
1643 1839 1787 1870 versu

218 1898 302 1942 illo
335 1898 393 1941 de
422 1899 632 1954 mandye
663 1900 729 1941 ita
762 1899 973 1955 loquitur
1018 1902 1153 1952 quasi
1182 1900 1389 1943 formam
1420 1902 1521 1944 eius
1552 1902 1712 1943 nosset
1743 1902 1789 1943 et

219 1974 384 2014 notam
416 1972 602 2015 civibus
646 1974 743 2015 31113
784 1976 985 2029 putaret.
1049 1972 1181 2025 Quae
1223 1974 1392 2017 notitia
1433 1975 1525 2017 nisi
1565 1987 1624 2017 ex
1653 1974 1789 2028 logo-

220 2045 405 2101 grapho
436 2045 681 2088 undenam
713 2046 981 2089 demanarit
1013 2047 1207 2090 difficile
1239 2050 1310 2090 est
1338 2048 1593 2091 intellectu.

332 2117 608 2161 Herodotus
658 2119 779 2162 1177
829 2120 1094 2175 Aegyptios
1134 2121 1184 2163 in
1229 2121 1349 2164 duas
1392 2124 1551 2177 partes
1597 2120 1786 2163 dividit:

222 2187 291 2245 „oi
321 2189 398 2244 μὲν
428 2190 531 2245 περὶ
560 2188 637 2247 τὴν
668 2191 957 2248 σπειρομένην
985 2189 1221 2246 Αἴγυπτον
1252 2190 1454 2243 οἰκέουσι,
1487 2218 1542 2223 ——
1573 2219 1627 2224 —
1666 2189 1705 2234 οἶ
1740 2191 1787 2234 δὲ·

220 2263 265 2305 ἐν
279 2266 395 2306 τοῖσι
413 2263 523 2306 ἕλεσι
546 2265 862 2321 κατοικημένοι.
895 2267 952 2310 In
966 2267 1197 2323 Aeschyli
1211 2271 1370 2311 autem
1385 2268 1545 2311 Persis
1561 2269 1619 2320 (v.
1636 2270 1690 2310 40
1700 2273 1789 2323 sq.)

221 2334 469 2392 ἑλειοβάται
504 2339 615 2380 ναῶν
645 2337 786 2392 ἐρέται
816 2338 949 2381 ὁειιόὶ
971 2337 1148 2395 πλῆθος
1179 2334 1217 2380 τ’
1245 2333 1483 2394 ἀνάριθμοι
1509 2341 1785 2384 afferuntur.

222 2410 497 2456 Herodotus
522 2412 578 2455 de
610 2414 815 2456 navibus
837 2413 1031 2456 illorum
1052 2414 1254 2470 paludes
1276 2414 1587 2457 incolentium
1607 2414 1790 2457 multus

223 2488 294 2529 est
341 2488 387 2529 et
446 2499 622 2529 nomen
666 2499 831 2529 earum
882 2486 1061 2540 ,,ρ’ᾶρις“
1103 2487 1284 2543 profert
1333 2486 1398 2541 (II
1430 2490 1501 2541 963
1563 2487 1684 2530 VIII
1715 2489 1789 2537 9&

224 2558 298 2602 III
331 2562 440 2612 126).
494 2559 622 2610 Quid
657 2561 756 2602 veri
787 2560 990 2603 similius
1013 2563 1082 2603 est
1114 2574 1259 2616 quam
1282 2560 1580 2604 Hecataeum
1602 2574 1789 2617 quoque

226 2631 286 2675 de
327 2646 379 2675 re
419 2633 582 2675 navali
613 2633 963 2689 Aegyptiorum
995 2634 1196 2689 paludes
1246 2634 1557 2678 incolentium
1608 2635 1791 2689 egisse?

226 2703 321 2748 Sed
349 2705 532 2748 baridis
564 2719 736 2749 nomen
770 2706 899 2762 apud
930 2720 1041 2749 eum
1072 2707 1170 2750 iam
1192 2708 1403 2751 extitisse
1435 2711 1645 2764 apparet,
1677 2721 1787 2751 011111

226 2776 372 2824 (Ρο13.
395 2780 489 2832 551,
514 2781 632 2822 1046.
679 2778 841 2835 Suppl.
864 2781 958 2833 805,
981 2780 1076 2833 841,
1109 2782 1209 2833 8493
1245 2780 1299 2823 cf.
1326 2780 1449 2824 Mus.
1472 2780 1623 2824 Rhen.
1648 2783 1715 2833 41,
1752 2785 1789 2831 1»

226 2849 495 2906 Aeschylus
516 2865 612 2894 non
626 2866 721 2894 uno
741 2852 846 2895 1000
864 2865 943 2895 eas
959 2852 1176 2908 appellet.
1215 2852 1355 2905 Quod
1367 2867 1542 2897 nomen
1562 2855 1603 2897 si
1621 2856 1786 2896 notum

226 2922 396 2966 fuisset
417 2925 650 2979 omnibus,
669 2924 944 2968 Herodotus
969 2938 1066 2968 non
1095 2928 1195 2969 tam
1221 2927 1476 2982 diligenter
1504 2927 1789 2983 explicasset

228 2995 272 3042 (l.
286 2995 354 3049 c.).
370 2995 638 3052 Aeschylus
653 3001 811 3042 autem
827 3000 879 3040 ut
892 2998 1044 3041 multa
1058 3000 1254 3042 nomina
1266 3001 1476 3043 barbara
1491 3000 1582 3043 hoc
1598 3012 1788 3056 quoque
