<?xml version="1.0" encoding="UTF-8"?>
<!DOCTYPE html PUBLIC "-//W3C//DTD XHTML 1.0 Transitional//EN"
    "http://www.w3.org/TR/xhtml1/DTD/xhtml1-transitional.dtd">
<html xmlns="http://www.w3.org/1999/xhtml" xml:lang="en" lang="en">
 <head>
  <title>
</title>
<meta http-equiv="Content-Type" content="text/html;charset=utf-8" />
  <meta name='ocr-system' content='tesseract 3.04.00' />
  <meta name='ocr-capabilities' content='ocr_page ocr_carea ocr_par ocr_line ocrx_word'/>
</head>
<body>
  <div class='ocr_page' id='page_1' title='image "./quaestionesherod00frieuoft_0010.png"; bbox 0 0 2127 3507; ppageno 0'>
   <div class='ocr_carea' id='block_1_1' title="bbox 995 370 1241 406">
    <p class='ocr_par' dir='ltr' id='par_1_1' title="bbox 995 370 1241 406">
     <span class='ocr_line' id='line_1_1' title="bbox 995 370 1241 406; baseline -0.004 -11"><span class='ocrx_word' id='word_1_1' title='bbox 995 370 1241 406; x_wconf 60' lang='grc'>,2-</span> 
     </span>
    </p>
   </div>
   <div class='ocr_carea' id='block_1_2' title="bbox 341 487 1928 3042">
    <p class='ocr_par' dir='ltr' id='par_1_2' title="bbox 341 487 1912 1278">
     <span class='ocr_line' id='line_1_2' title="bbox 341 487 1906 548; baseline -0.007 -7"><span class='ocrx_word' id='word_1_2' title='bbox 341 501 416 541; x_wconf 81' lang='lat' dir='ltr'>rat</span> <span class='ocrx_word' id='word_1_3' title='bbox 456 498 561 548; x_wconf 83' lang='lat' dir='ltr'>iter,</span> <span class='ocrx_word' id='word_1_4' title='bbox 605 506 825 538; x_wconf 73' lang='lat' dir='ltr'>reversus</span> <span class='ocrx_word' id='word_1_5' title='bbox 868 491 1112 543; x_wconf 82' lang='lat' dir='ltr'>Rhodum,</span> <span class='ocrx_word' id='word_1_6' title='bbox 1157 489 1384 543; x_wconf 84' lang='lat' dir='ltr'>Cnidum,</span> <span class='ocrx_word' id='word_1_7' title='bbox 1429 489 1642 545; x_wconf 73' lang='lat' dir='ltr'>Cyprum</span> <span class='ocrx_word' id='word_1_8' title='bbox 1683 487 1906 545; x_wconf 80' lang='lat' dir='ltr'>proferat.</span> 
     </span>
     <span class='ocr_line' id='line_1_3' title="bbox 342 561 1908 624; baseline -0.006 -11"><span class='ocrx_word' id='word_1_9' title='bbox 342 570 495 614; x_wconf 68' lang='lat' dir='ltr'>L&#39;rbes</span> <span class='ocrx_word' id='word_1_10' title='bbox 530 569 659 624; x_wconf 89' lang='lat' dir='ltr'>ipsas</span> <span class='ocrx_word' id='word_1_11' title='bbox 690 568 736 609; x_wconf 90' lang='lat' dir='ltr'>in</span> <span class='ocrx_word' id='word_1_12' title='bbox 776 565 867 608; x_wconf 88' lang='lat' dir='ltr'>hac</span> <span class='ocrx_word' id='word_1_13' title='bbox 897 564 1058 608; x_wconf 83' lang='lat' dir='ltr'>insula</span> <span class='ocrx_word' id='word_1_14' title='bbox 1094 564 1209 606; x_wconf 88' lang='lat' dir='ltr'>sitas</span> <span class='ocrx_word' id='word_1_15' title='bbox 1240 562 1482 619; x_wconf 81' lang='lat' dir='ltr'>Paphum,</span> <span class='ocrx_word' id='word_1_16' title='bbox 1514 561 1671 616; x_wconf 86' lang='lat' dir='ltr'>Solos,</span> <span class='ocrx_word' id='word_1_17' title='bbox 1704 561 1908 606; x_wconf 86' lang='lat' dir='ltr'>Salami-</span> 
     </span>
     <span class='ocr_line' id='line_1_4' title="bbox 342 635 1907 692; baseline -0.005 -7"><span class='ocrx_word' id='word_1_18' title='bbox 342 656 451 686; x_wconf 91' lang='lat' dir='ltr'>nem</span> <span class='ocrx_word' id='word_1_19' title='bbox 483 641 649 685; x_wconf 88' lang='lat' dir='ltr'>eodem</span> <span class='ocrx_word' id='word_1_20' title='bbox 681 639 827 682; x_wconf 91' lang='lat' dir='ltr'>ductu</span> <span class='ocrx_word' id='word_1_21' title='bbox 858 638 1141 691; x_wconf 73' lang='lat' dir='ltr'>dinumerat,</span> <span class='ocrx_word' id='word_1_22' title='bbox 1175 650 1268 692; x_wconf 87' lang='lat' dir='ltr'>quo</span> <span class='ocrx_word' id='word_1_23' title='bbox 1300 635 1562 692; x_wconf 78' lang='lat' dir='ltr'>procedens</span> <span class='ocrx_word' id='word_1_24' title='bbox 1595 636 1655 679; x_wconf 89' lang='lat' dir='ltr'>ab</span> <span class='ocrx_word' id='word_1_25' title='bbox 1688 635 1907 678; x_wconf 82' lang='lat' dir='ltr'>anfractu</span> 
     </span>
     <span class='ocr_line' id='line_1_5' title="bbox 343 707 1909 765; baseline -0.005 -7"><span class='ocrx_word' id='word_1_26' title='bbox 343 716 493 758; x_wconf 87' lang='lat' dir='ltr'>litoris</span> <span class='ocrx_word' id='word_1_27' title='bbox 528 713 730 756; x_wconf 75' lang='lat' dir='ltr'>Asiatici</span> <span class='ocrx_word' id='word_1_28' title='bbox 767 712 997 754; x_wconf 76' lang='lat' dir='ltr'>orientem</span> <span class='ocrx_word' id='word_1_29' title='bbox 1033 723 1202 753; x_wconf 74' lang='lat' dir='ltr'>versus</span> <span class='ocrx_word' id='word_1_30' title='bbox 1238 709 1432 765; x_wconf 87' lang='lat' dir='ltr'>prodire</span> <span class='ocrx_word' id='word_1_31' title='bbox 1469 709 1749 752; x_wconf 73' lang='lat' dir='ltr'>instituerat.</span> <span class='ocrx_word' id='word_1_32' title='bbox 1812 707 1909 752; x_wconf 86' lang='lat' dir='ltr'>Sed</span> 
     </span>
     <span class='ocr_line' id='line_1_6' title="bbox 342 781 1907 841; baseline -0.005 -10"><span class='ocrx_word' id='word_1_33' title='bbox 342 787 608 831; x_wconf 85' lang='lat' dir='ltr'>testimonio</span> <span class='ocrx_word' id='word_1_34' title='bbox 640 798 788 841; x_wconf 87' lang='lat' dir='ltr'>paene</span> <span class='ocrx_word' id='word_1_35' title='bbox 821 797 938 840; x_wconf 89' lang='lat' dir='ltr'>opus</span> <span class='ocrx_word' id='word_1_36' title='bbox 960 797 1056 826; x_wconf 92' lang='lat' dir='ltr'>non</span> <span class='ocrx_word' id='word_1_37' title='bbox 1089 785 1191 826; x_wconf 86' lang='lat' dir='ltr'>erat</span> <span class='ocrx_word' id='word_1_38' title='bbox 1211 783 1262 825; x_wconf 88' lang='lat' dir='ltr'>in</span> <span class='ocrx_word' id='word_1_39' title='bbox 1291 796 1343 825; x_wconf 92' lang='lat' dir='ltr'>re</span> <span class='ocrx_word' id='word_1_40' title='bbox 1375 782 1455 825; x_wconf 77' lang='lat' dir='ltr'>vix</span> <span class='ocrx_word' id='word_1_41' title='bbox 1487 782 1647 835; x_wconf 89' lang='lat' dir='ltr'>dubia,</span> <span class='ocrx_word' id='word_1_42' title='bbox 1679 781 1907 838; x_wconf 82' lang='lat' dir='ltr'>quoniam</span> 
     </span>
     <span class='ocr_line' id='line_1_7' title="bbox 342 854 1908 913; baseline -0.004 -10"><span class='ocrx_word' id='word_1_43' title='bbox 342 864 507 904; x_wconf 91' lang='lat' dir='ltr'>notum</span> <span class='ocrx_word' id='word_1_44' title='bbox 543 861 629 912; x_wconf 90' lang='lat' dir='ltr'>est,</span> <span class='ocrx_word' id='word_1_45' title='bbox 671 858 799 901; x_wconf 84' lang='lat' dir='ltr'>illius</span> <span class='ocrx_word' id='word_1_46' title='bbox 843 857 1009 913; x_wconf 84' lang='lat' dir='ltr'>aetatis</span> <span class='ocrx_word' id='word_1_47' title='bbox 1059 856 1280 899; x_wconf 88' lang='lat' dir='ltr'>homines</span> <span class='ocrx_word' id='word_1_48' title='bbox 1323 858 1369 899; x_wconf 93' lang='lat' dir='ltr'>et</span> <span class='ocrx_word' id='word_1_49' title='bbox 1412 869 1440 898; x_wconf 90' lang='lat' dir='ltr'>a</span> <span class='ocrx_word' id='word_1_50' title='bbox 1482 854 1705 898; x_wconf 83' lang='lat' dir='ltr'>fabulosa</span> <span class='ocrx_word' id='word_1_51' title='bbox 1747 856 1908 911; x_wconf 91' lang='lat' dir='ltr'>poeta-</span> 
     </span>
     <span class='ocr_line' id='line_1_8' title="bbox 343 928 1908 986; baseline -0.004 -10"><span class='ocrx_word' id='word_1_52' title='bbox 343 948 451 977; x_wconf 84' lang='lat' dir='ltr'>rum</span> <span class='ocrx_word' id='word_1_53' title='bbox 479 934 523 976; x_wconf 90' lang='lat' dir='ltr'>et</span> <span class='ocrx_word' id='word_1_54' title='bbox 548 931 879 986; x_wconf 80' lang='lat' dir='ltr'>theologorum</span> <span class='ocrx_word' id='word_1_55' title='bbox 909 930 1271 985; x_wconf 76' lang='lat' dir='ltr'>vaniloquentia</span> <span class='ocrx_word' id='word_1_56' title='bbox 1301 928 1609 972; x_wconf 83' lang='lat' dir='ltr'>abhorruisse</span> <span class='ocrx_word' id='word_1_57' title='bbox 1641 930 1687 971; x_wconf 92' lang='lat' dir='ltr'>et</span> <span class='ocrx_word' id='word_1_58' title='bbox 1715 928 1908 971; x_wconf 87' lang='lat' dir='ltr'>veritati</span> 
     </span>
     <span class='ocr_line' id='line_1_9' title="bbox 342 1001 1909 1060; baseline -0.004 -11"><span class='ocrx_word' id='word_1_59' title='bbox 342 1019 561 1050; x_wconf 87' lang='lat' dir='ltr'>meracae</span> <span class='ocrx_word' id='word_1_60' title='bbox 604 1003 957 1060; x_wconf 82' lang='lat' dir='ltr'>dignoscendae</span> <span class='ocrx_word' id='word_1_61' title='bbox 1000 1003 1143 1045; x_wconf 77' lang='lat' dir='ltr'>valde</span> <span class='ocrx_word' id='word_1_62' title='bbox 1179 1002 1326 1045; x_wconf 80' lang='lat' dir='ltr'>fuisse</span> <span class='ocrx_word' id='word_1_63' title='bbox 1370 1002 1567 1045; x_wconf 90' lang='lat' dir='ltr'>deditos.</span> <span class='ocrx_word' id='word_1_64' title='bbox 1635 1001 1694 1044; x_wconf 88' lang='lat' dir='ltr'>Id</span> <span class='ocrx_word' id='word_1_65' title='bbox 1736 1001 1909 1044; x_wconf 81' lang='lat' dir='ltr'>docent</span> 
     </span>
     <span class='ocr_line' id='line_1_10' title="bbox 343 1074 1910 1133; baseline -0.004 -10"><span class='ocrx_word' id='word_1_66' title='bbox 343 1080 566 1123; x_wconf 83' lang='lat' dir='ltr'>itinerum</span> <span class='ocrx_word' id='word_1_67' title='bbox 612 1075 1020 1133; x_wconf 80' lang='lat' dir='ltr'>desc1·iptiones,¹)</span> <span class='ocrx_word' id='word_1_68' title='bbox 1063 1076 1227 1119; x_wconf 87' lang='lat' dir='ltr'>multis</span> <span class='ocrx_word' id='word_1_69' title='bbox 1258 1075 1489 1131; x_wconf 78' lang='lat' dir='ltr'>Aeschyli</span> <span class='ocrx_word' id='word_1_70' title='bbox 1530 1074 1707 1119; x_wconf 84' lang='lat' dir='ltr'>fabulis</span> <span class='ocrx_word' id='word_1_71' title='bbox 1737 1074 1910 1117; x_wconf 88' lang='lat' dir='ltr'>insitae</span> 
     </span>
     <span class='ocr_line' id='line_1_11' title="bbox 344 1149 1912 1207; baseline -0.003 -12"><span class='ocrx_word' id='word_1_72' title='bbox 344 1154 513 1196; x_wconf 79' lang='lat' dir='ltr'>docent</span> <span class='ocrx_word' id='word_1_73' title='bbox 551 1150 961 1207; x_wconf 77' lang='lat' dir='ltr'>logographorum</span> <span class='ocrx_word' id='word_1_74' title='bbox 995 1162 1159 1206; x_wconf 84' lang='lat' dir='ltr'>opera,</span> <span class='ocrx_word' id='word_1_75' title='bbox 1205 1149 1377 1192; x_wconf 88' lang='lat' dir='ltr'>docent</span> <span class='ocrx_word' id='word_1_76' title='bbox 1407 1149 1670 1205; x_wconf 88' lang='lat' dir='ltr'>lyricorum</span> <span class='ocrx_word' id='word_1_77' title='bbox 1700 1160 1912 1203; x_wconf 87' lang='lat' dir='ltr'>quorun-</span> 
     </span>
     <span class='ocr_line' id='line_1_12' title="bbox 344 1221 1737 1278; baseline -0.003 -11"><span class='ocrx_word' id='word_1_78' title='bbox 344 1226 455 1269; x_wconf 84' lang='lat' dir='ltr'>dam</span> <span class='ocrx_word' id='word_1_79' title='bbox 486 1225 535 1267; x_wconf 89' lang='lat' dir='ltr'>in</span> <span class='ocrx_word' id='word_1_80' title='bbox 565 1223 740 1267; x_wconf 81' lang='lat' dir='ltr'>fabulis</span> <span class='ocrx_word' id='word_1_81' title='bbox 774 1223 1010 1266; x_wconf 81' lang='lat' dir='ltr'>veteribus</span> <span class='ocrx_word' id='word_1_82' title='bbox 1042 1223 1217 1265; x_wconf 89' lang='lat' dir='ltr'>rationi</span> <span class='ocrx_word' id='word_1_83' title='bbox 1248 1222 1534 1278; x_wconf 88' lang='lat' dir='ltr'>adaptandis</span> <span class='ocrx_word' id='word_1_84' title='bbox 1567 1221 1737 1264; x_wconf 86' lang='lat' dir='ltr'>studia.</span> 
     </span>
    </p>

    <p class='ocr_par' dir='ltr' id='par_1_3' title="bbox 343 1295 1924 2824">
     <span class='ocr_line' id='line_1_13' title="bbox 457 1295 1911 1352; baseline -0.003 -11"><span class='ocrx_word' id='word_1_85' title='bbox 457 1297 562 1350; x_wconf 76' lang='lat' dir='ltr'>Qua</span> <span class='ocrx_word' id='word_1_86' title='bbox 604 1298 661 1341; x_wconf 93' lang='lat' dir='ltr'>de</span> <span class='ocrx_word' id='word_1_87' title='bbox 712 1310 856 1340; x_wconf 90' lang='lat' dir='ltr'>causa</span> <span class='ocrx_word' id='word_1_88' title='bbox 898 1297 1258 1352; x_wconf 77' lang='lat' dir='ltr'>provinciarum</span> <span class='ocrx_word' id='word_1_89' title='bbox 1307 1296 1582 1349; x_wconf 80' lang='lat' dir='ltr'>catalogum</span> <span class='ocrx_word' id='word_1_90' title='bbox 1625 1309 1683 1338; x_wconf 78' lang='lat' dir='ltr'>ex</span> <span class='ocrx_word' id='word_1_91' title='bbox 1724 1295 1911 1350; x_wconf 83' lang='lat' dir='ltr'>integro</span> 
     </span>
     <span class='ocr_line' id='line_1_14' title="bbox 343 1368 1912 1427; baseline -0.003 -11"><span class='ocrx_word' id='word_1_92' title='bbox 343 1374 439 1416; x_wconf 87' lang='lat' dir='ltr'>iam</span> <span class='ocrx_word' id='word_1_93' title='bbox 471 1372 797 1427; x_wconf 85' lang='lat' dir='ltr'>inspiciemus,</span> <span class='ocrx_word' id='word_1_94' title='bbox 838 1371 877 1414; x_wconf 91' lang='lat' dir='ltr'>si</span> <span class='ocrx_word' id='word_1_95' title='bbox 906 1370 1026 1413; x_wconf 82' lang='lat' dir='ltr'>forte</span> <span class='ocrx_word' id='word_1_96' title='bbox 1058 1370 1292 1413; x_wconf 87' lang='lat' dir='ltr'>rationem</span> <span class='ocrx_word' id='word_1_97' title='bbox 1324 1369 1569 1426; x_wconf 85' lang='lat' dir='ltr'>quandam</span> <span class='ocrx_word' id='word_1_98' title='bbox 1605 1368 1823 1412; x_wconf 91' lang='lat' dir='ltr'>locorum</span> <span class='ocrx_word' id='word_1_99' title='bbox 1853 1381 1912 1411; x_wconf 82' lang='lat' dir='ltr'>ex</span> 
     </span>
     <span class='ocr_line' id='line_1_15' title="bbox 343 1442 1912 1501; baseline -0.003 -13"><span class='ocrx_word' id='word_1_100' title='bbox 343 1446 581 1501; x_wconf 80' lang='lat' dir='ltr'>indigesta</span> <span class='ocrx_word' id='word_1_101' title='bbox 610 1445 859 1487; x_wconf 88' lang='lat' dir='ltr'>nominum</span> <span class='ocrx_word' id='word_1_102' title='bbox 881 1443 1007 1487; x_wconf 89' lang='lat' dir='ltr'>mole</span> <span class='ocrx_word' id='word_1_103' title='bbox 1037 1444 1276 1500; x_wconf 84' lang='lat' dir='ltr'>possimus</span> <span class='ocrx_word' id='word_1_104' title='bbox 1299 1443 1545 1486; x_wconf 69' lang='lat' dir='ltr'>extricare.</span> <span class='ocrx_word' id='word_1_105' title='bbox 1597 1442 1671 1485; x_wconf 92' lang='lat' dir='ltr'>Ac</span> <span class='ocrx_word' id='word_1_106' title='bbox 1701 1442 1912 1497; x_wconf 87' lang='lat' dir='ltr'>primum</span> 
     </span>
     <span class='ocr_line' id='line_1_16' title="bbox 346 1514 1914 1572; baseline -0.003 -11"><span class='ocrx_word' id='word_1_107' title='bbox 346 1520 540 1562; x_wconf 78' lang='lat' dir='ltr'>affertur</span> <span class='ocrx_word' id='word_1_108' title='bbox 562 1517 778 1571; x_wconf 83' lang='lat' dir='ltr'>Susiana,</span> <span class='ocrx_word' id='word_1_109' title='bbox 813 1518 984 1561; x_wconf 89' lang='lat' dir='ltr'>deinde</span> <span class='ocrx_word' id='word_1_110' title='bbox 1005 1517 1181 1571; x_wconf 86' lang='lat' dir='ltr'>Media,</span> <span class='ocrx_word' id='word_1_111' title='bbox 1213 1520 1326 1560; x_wconf 89' lang='lat' dir='ltr'>tunc</span> <span class='ocrx_word' id='word_1_112' title='bbox 1359 1516 1546 1560; x_wconf 80' lang='lat' dir='ltr'>Arabia·</span> <span class='ocrx_word' id='word_1_113' title='bbox 1575 1514 1914 1572; x_wconf 86' lang='lat' dir='ltr'>praetermissa</span> 
     </span>
     <span class='ocr_line' id='line_1_17' title="bbox 344 1588 1913 1648; baseline -0.003 -13"><span class='ocrx_word' id='word_1_114' title='bbox 344 1594 591 1648; x_wconf 65' lang='lat' dir='ltr'>Aegyptus</span> <span class='ocrx_word' id='word_1_115' title='bbox 638 1592 705 1634; x_wconf 85' lang='lat' dir='ltr'>ita</span> <span class='ocrx_word' id='word_1_116' title='bbox 748 1592 959 1647; x_wconf 82' lang='lat' dir='ltr'>quidem,</span> <span class='ocrx_word' id='word_1_117' title='bbox 998 1594 1049 1633; x_wconf 87' lang='lat' dir='ltr'>ut</span> <span class='ocrx_word' id='word_1_118' title='bbox 1091 1591 1152 1634; x_wconf 92' lang='lat' dir='ltr'>ab</span> <span class='ocrx_word' id='word_1_119' title='bbox 1193 1591 1311 1633; x_wconf 90' lang='lat' dir='ltr'>ostio</span> <span class='ocrx_word' id='word_1_120' title='bbox 1344 1590 1484 1643; x_wconf 72' lang='lat' dir='ltr'>Nili2)</span> <span class='ocrx_word' id='word_1_121' title='bbox 1530 1588 1780 1645; x_wconf 87' lang='lat' dir='ltr'>Memphin</span> <span class='ocrx_word' id='word_1_122' title='bbox 1812 1589 1913 1641; x_wconf 85' lang='lat'>(37),</span> 
     </span>
     <span class='ocr_line' id='line_1_18' title="bbox 345 1664 1915 1721; baseline -0.003 -12"><span class='ocrx_word' id='word_1_123' title='bbox 345 1666 456 1709; x_wconf 89' lang='lat' dir='ltr'>inde</span> <span class='ocrx_word' id='word_1_124' title='bbox 476 1665 661 1709; x_wconf 86' lang='lat' dir='ltr'>Thebas</span> <span class='ocrx_word' id='word_1_125' title='bbox 693 1665 980 1721; x_wconf 86' lang='lat' dir='ltr'>procedatur</span> <span class='ocrx_word' id='word_1_126' title='bbox 1013 1666 1111 1717; x_wconf 12' lang='lat'><strong>(739).</strong></span> <span class='ocrx_word' id='word_1_127' title='bbox 1163 1664 1294 1707; x_wconf 86' lang='lat' dir='ltr'>Tunc</span> <span class='ocrx_word' id='word_1_128' title='bbox 1324 1666 1465 1720; x_wconf 88' lang='lat' dir='ltr'>poeta</span> <span class='ocrx_word' id='word_1_129' title='bbox 1493 1666 1621 1707; x_wconf 86' lang='lat' dir='ltr'>retro</span> <span class='ocrx_word' id='word_1_130' title='bbox 1654 1673 1915 1706; x_wconf 88' lang='lat' dir='ltr'>conversus</span> 
     </span>
     <span class='ocr_line' id='line_1_19' title="bbox 349 1736 1918 1795; baseline 0.001 -13"><span class='ocrx_word' id='word_1_131' title='bbox 349 1740 411 1782; x_wconf 86' lang='lat' dir='ltr'>ad</span> <span class='ocrx_word' id='word_1_132' title='bbox 443 1738 569 1782; x_wconf 88' lang='lat' dir='ltr'>delta</span> <span class='ocrx_word' id='word_1_133' title='bbox 597 1738 738 1792; x_wconf 91' lang='lat' dir='ltr'>redit,</span> <span class='ocrx_word' id='word_1_134' title='bbox 777 1739 912 1782; x_wconf 91' lang='lat' dir='ltr'>cuius</span> <span class='ocrx_word' id='word_1_135' title='bbox 944 1738 1144 1795; x_wconf 90' lang='lat' dir='ltr'>paludes</span> <span class='ocrx_word' id='word_1_136' title='bbox 1178 1740 1523 1781; x_wconf 86' lang='lat' dir='ltr'>commemorat</span> <span class='ocrx_word' id='word_1_137' title='bbox 1554 1736 1662 1791; x_wconf 78' lang='lat'>(40),</span> <span class='ocrx_word' id='word_1_138' title='bbox 1694 1739 1747 1780; x_wconf 87' lang='lat' dir='ltr'>ut</span> <span class='ocrx_word' id='word_1_139' title='bbox 1777 1750 1918 1783; x_wconf 87' lang='lat' dir='ltr'>accu-</span> 
     </span>
     <span class='ocr_line' id='line_1_20' title="bbox 348 1811 1919 1867; baseline 0.001 -11"><span class='ocrx_word' id='word_1_140' title='bbox 348 1813 495 1856; x_wconf 82' lang='lat' dir='ltr'>ratius</span> <span class='ocrx_word' id='word_1_141' title='bbox 527 1811 613 1854; x_wconf 88' lang='lat' dir='ltr'>hos</span> <span class='ocrx_word' id='word_1_142' title='bbox 644 1811 774 1855; x_wconf 88' lang='lat' dir='ltr'>locos</span> <span class='ocrx_word' id='word_1_143' title='bbox 808 1811 1023 1866; x_wconf 80' lang='lat' dir='ltr'>digerere</span> <span class='ocrx_word' id='word_1_144' title='bbox 1044 1825 1141 1854; x_wconf 92' lang='lat' dir='ltr'>non</span> <span class='ocrx_word' id='word_1_145' title='bbox 1171 1813 1342 1867; x_wconf 87' lang='lat' dir='ltr'>posset,</span> <span class='ocrx_word' id='word_1_146' title='bbox 1375 1811 1415 1854; x_wconf 91' lang='lat' dir='ltr'>si</span> <span class='ocrx_word' id='word_1_147' title='bbox 1445 1811 1546 1867; x_wconf 89' lang='lat' dir='ltr'>ipse</span> <span class='ocrx_word' id='word_1_148' title='bbox 1574 1811 1741 1854; x_wconf 67' lang='lat' dir='ltr'>Nilum</span> <span class='ocrx_word' id='word_1_149' title='bbox 1771 1812 1919 1857; x_wconf 84' lang='lat' dir='ltr'>vidis-</span> 
     </span>
     <span class='ocr_line' id='line_1_21' title="bbox 350 1884 1919 1941; baseline 0.001 -12"><span class='ocrx_word' id='word_1_150' title='bbox 350 1889 428 1929; x_wconf 83' lang='lat' dir='ltr'>set.</span> <span class='ocrx_word' id='word_1_151' title='bbox 488 1886 593 1928; x_wconf 84' lang='lat' dir='ltr'>Iam</span> <span class='ocrx_word' id='word_1_152' title='bbox 630 1899 741 1928; x_wconf 80' lang='lat' dir='ltr'>vero</span> <span class='ocrx_word' id='word_1_153' title='bbox 788 1899 873 1941; x_wconf 85' lang='lat' dir='ltr'>per</span> <span class='ocrx_word' id='word_1_154' title='bbox 914 1899 1047 1928; x_wconf 87' lang='lat' dir='ltr'>mare</span> <span class='ocrx_word' id='word_1_155' title='bbox 1087 1885 1226 1941; x_wconf 82' lang='lat' dir='ltr'>quasi</span> <span class='ocrx_word' id='word_1_156' title='bbox 1266 1885 1316 1928; x_wconf 87' lang='lat' dir='ltr'>in</span> <span class='ocrx_word' id='word_1_157' title='bbox 1347 1884 1518 1927; x_wconf 87' lang='lat' dir='ltr'>Asiam</span> <span class='ocrx_word' id='word_1_158' title='bbox 1553 1886 1726 1928; x_wconf 83' lang='lat' dir='ltr'>transit</span> <span class='ocrx_word' id='word_1_159' title='bbox 1764 1886 1919 1930; x_wconf 85' lang='lat' dir='ltr'>affert-</span> 
     </span>
     <span class='ocr_line' id='line_1_22' title="bbox 351 1958 1918 2016; baseline 0.001 -15"><span class='ocrx_word' id='word_1_160' title='bbox 351 1973 441 2016; x_wconf 80' lang='lat' dir='ltr'>que</span> <span class='ocrx_word' id='word_1_161' title='bbox 473 1961 562 2010; x_wconf 74' lang='lat'>(42)</span> <span class='ocrx_word' id='word_1_162' title='bbox 593 1958 774 2014; x_wconf 69' lang='lat' dir='ltr'>Lydos,</span> <span class='ocrx_word' id='word_1_163' title='bbox 807 1958 936 2015; x_wconf 83' lang='lat' dir='ltr'>apud</span> <span class='ocrx_word' id='word_1_164' title='bbox 967 1971 1086 2015; x_wconf 88' lang='lat' dir='ltr'>quos</span> <span class='ocrx_word' id='word_1_165' title='bbox 1116 1958 1319 2001; x_wconf 84' lang='lat' dir='ltr'>libenter</span> <span class='ocrx_word' id='word_1_166' title='bbox 1349 1958 1530 2001; x_wconf 84' lang='lat' dir='ltr'>morari</span> <span class='ocrx_word' id='word_1_167' title='bbox 1561 1958 1769 2012; x_wconf 87' lang='lat' dir='ltr'>videtur,</span> <span class='ocrx_word' id='word_1_168' title='bbox 1807 1973 1918 2003; x_wconf 89' lang='lat' dir='ltr'>cum</span> 
     </span>
     <span class='ocr_line' id='line_1_23' title="bbox 350 2031 1917 2077; baseline 0.001 -2"><span class='ocrx_word' id='word_1_169' title='bbox 350 2034 542 2076; x_wconf 84' lang='lat' dir='ltr'>uberior</span> <span class='ocrx_word' id='word_1_170' title='bbox 592 2033 652 2075; x_wconf 88' lang='lat' dir='ltr'>sit</span> <span class='ocrx_word' id='word_1_171' title='bbox 702 2032 759 2075; x_wconf 89' lang='lat' dir='ltr'>de</span> <span class='ocrx_word' id='word_1_172' title='bbox 810 2033 1003 2076; x_wconf 84' lang='lat' dir='ltr'>sedibus</span> <span class='ocrx_word' id='word_1_173' title='bbox 1046 2046 1214 2076; x_wconf 90' lang='lat' dir='ltr'>eorum</span> <span class='ocrx_word' id='word_1_174' title='bbox 1261 2045 1350 2075; x_wconf 90' lang='lat' dir='ltr'>nec</span> <span class='ocrx_word' id='word_1_175' title='bbox 1400 2031 1520 2074; x_wconf 88' lang='lat' dir='ltr'>fines</span> <span class='ocrx_word' id='word_1_176' title='bbox 1572 2045 1690 2075; x_wconf 88' lang='lat' dir='ltr'>auro</span> <span class='ocrx_word' id='word_1_177' title='bbox 1742 2032 1917 2077; x_wconf 90' lang='lat' dir='ltr'>ditissi-</span> 
     </span>
     <span class='ocr_line' id='line_1_24' title="bbox 350 2105 1921 2164; baseline 0.001 -15"><span class='ocrx_word' id='word_1_178' title='bbox 350 2119 453 2149; x_wconf 84' lang='lat' dir='ltr'>mos</span> <span class='ocrx_word' id='word_1_179' title='bbox 494 2107 641 2149; x_wconf 87' lang='lat' dir='ltr'>maris</span> <span class='ocrx_word' id='word_1_180' title='bbox 688 2106 830 2149; x_wconf 90' lang='lat' dir='ltr'>undis</span> <span class='ocrx_word' id='word_1_181' title='bbox 871 2106 972 2149; x_wconf 86' lang='lat' dir='ltr'>ulla</span> <span class='ocrx_word' id='word_1_182' title='bbox 1013 2109 1148 2163; x_wconf 86' lang='lat' dir='ltr'>parte</span> <span class='ocrx_word' id='word_1_183' title='bbox 1185 2106 1335 2149; x_wconf 86' lang='lat' dir='ltr'>lambi</span> <span class='ocrx_word' id='word_1_184' title='bbox 1373 2106 1629 2149; x_wconf 82' lang='lat' dir='ltr'>contendat</span> <span class='ocrx_word' id='word_1_185' title='bbox 1671 2105 1921 2164; x_wconf 87' lang='lat' dir='ltr'>Tmolique</span> 
     </span>
     <span class='ocr_line' id='line_1_25' title="bbox 352 2179 1920 2235; baseline 0.001 -13"><span class='ocrx_word' id='word_1_186' title='bbox 352 2194 446 2222; x_wconf 76' lang='lat' dir='ltr'>non</span> <span class='ocrx_word' id='word_1_187' title='bbox 469 2179 778 2223; x_wconf 79' lang='lat' dir='ltr'>obliviscatur</span> <span class='ocrx_word' id='word_1_188' title='bbox 800 2180 847 2232; x_wconf 78' lang='lat'>(1.</span> <span class='ocrx_word' id='word_1_189' title='bbox 873 2180 941 2233; x_wconf 61' lang='lat' dir='ltr'>cs).</span> <span class='ocrx_word' id='word_1_190' title='bbox 993 2179 1158 2235; x_wconf 68' lang='lat' dir='ltr'>Mysos</span> <span class='ocrx_word' id='word_1_191' title='bbox 1181 2179 1401 2235; x_wconf 81' lang='lat' dir='ltr'>adiungit</span> <span class='ocrx_word' id='word_1_192' title='bbox 1429 2179 1680 2222; x_wconf 86' lang='lat' dir='ltr'>hastarum</span> <span class='ocrx_word' id='word_1_193' title='bbox 1700 2180 1829 2223; x_wconf 87' lang='lat' dir='ltr'>iactu</span> <span class='ocrx_word' id='word_1_194' title='bbox 1848 2181 1920 2224; x_wconf 90' lang='lat' dir='ltr'>in-</span> 
     </span>
     <span class='ocr_line' id='line_1_26' title="bbox 354 2253 1920 2310; baseline 0.001 -15"><span class='ocrx_word' id='word_1_195' title='bbox 354 2254 512 2305; x_wconf 66' lang='lat' dir='ltr'>signes</span> <span class='ocrx_word' id='word_1_196' title='bbox 543 2253 647 2307; x_wconf 76' lang='lat'><strong>(54).</strong></span> <span class='ocrx_word' id='word_1_197' title='bbox 699 2253 828 2296; x_wconf 89' lang='lat' dir='ltr'>Tunc</span> <span class='ocrx_word' id='word_1_198' title='bbox 861 2256 1019 2296; x_wconf 89' lang='lat' dir='ltr'>autem</span> <span class='ocrx_word' id='word_1_199' title='bbox 1039 2253 1202 2296; x_wconf 88' lang='lat' dir='ltr'>multis</span> <span class='ocrx_word' id='word_1_200' title='bbox 1225 2253 1414 2310; x_wconf 89' lang='lat' dir='ltr'>populis</span> <span class='ocrx_word' id='word_1_201' title='bbox 1445 2254 1727 2297; x_wconf 83' lang='lat' dir='ltr'>intermissis</span> <span class='ocrx_word' id='word_1_202' title='bbox 1759 2255 1920 2298; x_wconf 83' lang='lat' dir='ltr'>statim</span> 
     </span>
     <span class='ocr_line' id='line_1_27' title="bbox 354 2322 1922 2381; baseline 0.002 -13"><span class='ocrx_word' id='word_1_203' title='bbox 354 2326 648 2381; x_wconf 57' lang='lat' dir='ltr'>Babylonem</span> <span class='ocrx_word' id='word_1_204' title='bbox 692 2328 919 2370; x_wconf 89' lang='lat' dir='ltr'>nominat.</span> <span class='ocrx_word' id='word_1_205' title='bbox 978 2327 1035 2370; x_wconf 88' lang='lat' dir='ltr'>In</span> <span class='ocrx_word' id='word_1_206' title='bbox 1078 2328 1172 2370; x_wconf 86' lang='lat' dir='ltr'>fine</span> <span class='ocrx_word' id='word_1_207' title='bbox 1214 2322 1538 2381; x_wconf 76' lang='grc' dir='ltr'><em>μαχαιροφόρον</em></span> <span class='ocrx_word' id='word_1_208' title='bbox 1580 2324 1699 2381; x_wconf 76' lang='grc' dir='ltr'><em>γένος</em></span> <span class='ocrx_word' id='word_1_209' title='bbox 1735 2341 1792 2371; x_wconf 88' lang='lat' dir='ltr'>ex</span> <span class='ocrx_word' id='word_1_210' title='bbox 1823 2330 1922 2371; x_wconf 87' lang='lat' dir='ltr'>tota</span> 
     </span>
     <span class='ocr_line' id='line_1_28' title="bbox 356 2400 1920 2457; baseline 0.002 -16"><span class='ocrx_word' id='word_1_211' title='bbox 356 2400 473 2441; x_wconf 78' lang='lat' dir='ltr'>Asia</span> <span class='ocrx_word' id='word_1_212' title='bbox 503 2412 664 2453; x_wconf 77' lang='lat' dir='ltr'>regem</span> <span class='ocrx_word' id='word_1_213' title='bbox 696 2404 911 2443; x_wconf 83' lang='lat' dir='ltr'>secutum</span> <span class='ocrx_word' id='word_1_214' title='bbox 942 2402 1118 2457; x_wconf 83' lang='lat' dir='ltr'>profert</span> <span class='ocrx_word' id='word_1_215' title='bbox 1150 2402 1252 2454; x_wconf 76' lang='lat'><strong>(58).</strong></span> <span class='ocrx_word' id='word_1_216' title='bbox 1314 2400 1548 2444; x_wconf 73' lang='lat' dir='ltr'>Videmus</span> <span class='ocrx_word' id='word_1_217' title='bbox 1585 2414 1681 2444; x_wconf 88' lang='lat' dir='ltr'>non</span> <span class='ocrx_word' id='word_1_218' title='bbox 1714 2400 1920 2444; x_wconf 87' lang='lat' dir='ltr'>defuisse</span> 
     </span>
     <span class='ocr_line' id='line_1_29' title="bbox 356 2473 1922 2531; baseline 0.002 -17"><span class='ocrx_word' id='word_1_219' title='bbox 356 2474 521 2527; x_wconf 70' lang='lat' dir='ltr'>poetae</span> <span class='ocrx_word' id='word_1_220' title='bbox 551 2473 599 2515; x_wconf 88' lang='lat' dir='ltr'>in</span> <span class='ocrx_word' id='word_1_221' title='bbox 632 2474 816 2529; x_wconf 84' lang='lat' dir='ltr'>populis</span> <span class='ocrx_word' id='word_1_222' title='bbox 839 2474 1121 2517; x_wconf 88' lang='lat' dir='ltr'>ordinandis</span> <span class='ocrx_word' id='word_1_223' title='bbox 1153 2477 1338 2518; x_wconf 90' lang='lat' dir='ltr'>certum</span> <span class='ocrx_word' id='word_1_224' title='bbox 1370 2474 1635 2518; x_wconf 87' lang='lat' dir='ltr'>consilium.</span> <span class='ocrx_word' id='word_1_225' title='bbox 1687 2473 1922 2531; x_wconf 89' lang='lat' dir='ltr'>Bipartito</span> 
     </span>
     <span class='ocr_line' id='line_1_30' title="bbox 358 2546 1922 2604; baseline 0.004 -18"><span class='ocrx_word' id='word_1_226' title='bbox 358 2546 484 2587; x_wconf 87' lang='lat' dir='ltr'>enim</span> <span class='ocrx_word' id='word_1_227' title='bbox 526 2559 724 2600; x_wconf 77' lang='lat' dir='ltr'>regnum</span> <span class='ocrx_word' id='word_1_228' title='bbox 758 2546 1015 2590; x_wconf 86' lang='lat' dir='ltr'>Persarum</span> <span class='ocrx_word' id='word_1_229' title='bbox 1059 2548 1302 2602; x_wconf 88' lang='lat' dir='ltr'>describit,</span> <span class='ocrx_word' id='word_1_230' title='bbox 1348 2548 1695 2592; x_wconf 86' lang='lat' dir='ltr'>occidentalem</span> <span class='ocrx_word' id='word_1_231' title='bbox 1736 2550 1922 2604; x_wconf 88' lang='lat' dir='ltr'>partem</span> 
     </span>
     <span class='ocr_line' id='line_1_31' title="bbox 359 2619 1924 2676; baseline 0.003 -16"><span class='ocrx_word' id='word_1_232' title='bbox 359 2619 490 2673; x_wconf 84' lang='lat' dir='ltr'>prius</span> <span class='ocrx_word' id='word_1_233' title='bbox 527 2622 571 2661; x_wconf 90' lang='lat' dir='ltr'>et</span> <span class='ocrx_word' id='word_1_234' title='bbox 607 2622 657 2661; x_wconf 89' lang='lat' dir='ltr'>ut</span> <span class='ocrx_word' id='word_1_235' title='bbox 688 2621 778 2663; x_wconf 85' lang='lat' dir='ltr'>sibi</span> <span class='ocrx_word' id='word_1_236' title='bbox 810 2619 993 2665; x_wconf 83' lang='lat' dir='ltr'>Graeco</span> <span class='ocrx_word' id='word_1_237' title='bbox 1032 2621 1219 2665; x_wconf 88' lang='lat' dir='ltr'>homini</span> <span class='ocrx_word' id='word_1_238' title='bbox 1248 2622 1502 2676; x_wconf 88' lang='lat' dir='ltr'>notiorem,</span> <span class='ocrx_word' id='word_1_239' title='bbox 1542 2622 1812 2665; x_wconf 88' lang='lat' dir='ltr'>accuratius</span> <span class='ocrx_word' id='word_1_240' title='bbox 1844 2635 1924 2665; x_wconf 81' lang='lat' dir='ltr'>ex-</span> 
     </span>
     <span class='ocr_line' id='line_1_32' title="bbox 359 2692 1924 2752; baseline 0.004 -20"><span class='ocrx_word' id='word_1_241' title='bbox 359 2692 537 2747; x_wconf 78' lang='lat' dir='ltr'>primit,</span> <span class='ocrx_word' id='word_1_242' title='bbox 576 2693 641 2734; x_wconf 79' lang='lat' dir='ltr'>ita</span> <span class='ocrx_word' id='word_1_243' title='bbox 671 2698 721 2735; x_wconf 84' lang='lat' dir='ltr'>ut</span> <span class='ocrx_word' id='word_1_244' title='bbox 754 2708 781 2736; x_wconf 90' lang='lat' dir='ltr'>a</span> <span class='ocrx_word' id='word_1_245' title='bbox 811 2694 1009 2738; x_wconf 80' lang='lat' dir='ltr'>meridie</span> <span class='ocrx_word' id='word_1_246' title='bbox 1041 2695 1103 2738; x_wconf 90' lang='lat' dir='ltr'>ad</span> <span class='ocrx_word' id='word_1_247' title='bbox 1136 2697 1504 2752; x_wconf 82' lang='lat' dir='ltr'>septentrionem</span> <span class='ocrx_word' id='word_1_248' title='bbox 1537 2695 1779 2752; x_wconf 87' lang='lat' dir='ltr'>procedat,</span> <span class='ocrx_word' id='word_1_249' title='bbox 1810 2698 1924 2739; x_wconf 91' lang='lat' dir='ltr'>tunc</span> 
     </span>
     <span class='ocr_line' id='line_1_33' title="bbox 362 2765 1779 2824; baseline 0.004 -18"><span class='ocrx_word' id='word_1_250' title='bbox 362 2765 638 2807; x_wconf 81' lang='lat' dir='ltr'>orientalem</span> <span class='ocrx_word' id='word_1_251' title='bbox 670 2768 804 2821; x_wconf 72' lang='lat' dir='ltr'>regni</span> <span class='ocrx_word' id='word_1_252' title='bbox 836 2771 1017 2823; x_wconf 87' lang='lat' dir='ltr'>partem</span> <span class='ocrx_word' id='word_1_253' title='bbox 1049 2782 1237 2812; x_wconf 88' lang='lat' dir='ltr'>omnem</span> <span class='ocrx_word' id='word_1_254' title='bbox 1270 2783 1363 2812; x_wconf 90' lang='lat' dir='ltr'>uno</span> <span class='ocrx_word' id='word_1_255' title='bbox 1396 2770 1543 2812; x_wconf 84' lang='lat' dir='ltr'>verbo</span> <span class='ocrx_word' id='word_1_256' title='bbox 1577 2769 1779 2824; x_wconf 81' lang='lat' dir='ltr'>stringit.</span> 
     </span>
    </p>

    <p class='ocr_par' dir='ltr' id='par_1_4' title="bbox 365 2838 1928 3042">
     <span class='ocr_line' id='line_1_34' title="bbox 474 2838 1926 2899; baseline 0.003 -18"><span class='ocrx_word' id='word_1_257' title='bbox 474 2839 529 2881; x_wconf 89' lang='lat' dir='ltr'>ln</span> <span class='ocrx_word' id='word_1_258' title='bbox 566 2838 656 2881; x_wconf 88' lang='lat' dir='ltr'>hoc</span> <span class='ocrx_word' id='word_1_259' title='bbox 693 2840 857 2883; x_wconf 86' lang='lat' dir='ltr'>ordine</span> <span class='ocrx_word' id='word_1_260' title='bbox 890 2843 1121 2885; x_wconf 82' lang='lat' dir='ltr'>miramur</span> <span class='ocrx_word' id='word_1_261' title='bbox 1153 2857 1238 2886; x_wconf 88' lang='lat' dir='ltr'>cur</span> <span class='ocrx_word' id='word_1_262' title='bbox 1268 2845 1408 2899; x_wconf 84' lang='lat' dir='ltr'>poeta</span> <span class='ocrx_word' id='word_1_263' title='bbox 1438 2842 1573 2888; x_wconf 85' lang='lat' dir='ltr'>Susis</span> <span class='ocrx_word' id='word_1_264' title='bbox 1613 2843 1846 2886; x_wconf 89' lang='lat' dir='ltr'>oriundus</span> <span class='ocrx_word' id='word_1_265' title='bbox 1876 2844 1926 2886; x_wconf 91' lang='lat' dir='ltr'>in</span> 
     </span>
     <span class='ocr_line' id='line_1_35' title="bbox 365 2911 1927 2972; baseline 0.003 -20"><span class='ocrx_word' id='word_1_266' title='bbox 365 2911 592 2954; x_wconf 81' lang='lat' dir='ltr'>adversas</span> <span class='ocrx_word' id='word_1_267' title='bbox 630 2914 847 2966; x_wconf 68' lang='lat' dir='ltr'>regiones</span> <span class='ocrx_word' id='word_1_268' title='bbox 885 2915 957 2957; x_wconf 86' lang='lat' dir='ltr'>bis</span> <span class='ocrx_word' id='word_1_269' title='bbox 994 2916 1195 2970; x_wconf 82' lang='lat' dir='ltr'>prodeat</span> <span class='ocrx_word' id='word_1_270' title='bbox 1231 2930 1318 2959; x_wconf 90' lang='lat' dir='ltr'>nec</span> <span class='ocrx_word' id='word_1_271' title='bbox 1348 2917 1580 2972; x_wconf 88' lang='lat' dir='ltr'>incipiens</span> <span class='ocrx_word' id='word_1_272' title='bbox 1616 2916 1675 2960; x_wconf 91' lang='lat' dir='ltr'>ab</span> <span class='ocrx_word' id='word_1_273' title='bbox 1707 2930 1803 2959; x_wconf 90' lang='lat' dir='ltr'>uno</span> <span class='ocrx_word' id='word_1_274' title='bbox 1833 2915 1927 2958; x_wconf 88' lang='lat' dir='ltr'>fine</span> 
     </span>
     <span class='ocr_line' id='line_1_36' title="bbox 367 2985 1928 3042; baseline 0.004 -17"><span class='ocrx_word' id='word_1_275' title='bbox 367 2985 430 3026; x_wconf 54' lang='lat' dir='ltr'>siv</span> <span class='ocrx_word' id='word_1_276' title='bbox 465 2988 613 3027; x_wconf 84' lang='lat' dir='ltr'>totum</span> <span class='ocrx_word' id='word_1_277' title='bbox 648 3000 845 3039; x_wconf 67' lang='lat' dir='ltr'>regnum</span> <span class='ocrx_word' id='word_1_278' title='bbox 882 3002 1028 3042; x_wconf 70' lang='lat' dir='ltr'>usquc</span> <span class='ocrx_word' id='word_1_279' title='bbox 1070 2989 1125 3029; x_wconf 71' lang='lat' dir='ltr'>ud</span> <span class='ocrx_word' id='word_1_280' title='bbox 1164 2991 1456 3032; x_wconf 64' lang='lat' dir='ltr'>contrarium</span> <span class='ocrx_word' id='word_1_281' title='bbox 1486 2991 1744 3033; x_wconf 77' lang='lat' dir='ltr'>terminum</span> <span class='ocrx_word' id='word_1_282' title='bbox 1776 2993 1928 3031; x_wconf 86' lang='lat' dir='ltr'>trans—</span> 
     </span>
    </p>
   </div>
  </div>
 </body>
</html>
