2101 3481
320 487 506 528 astabat
536 485 823 538 alteriusque
854 482 1192 534 narrationem,
1225 494 1372 536 quam
1398 495 1493 523 non
1525 482 1770 537 ignoraret
1800 497 1888 527 au-

319 558 486 601 diebat.
548 555 863 599 Pulcherrina
894 557 1053 597 autem
1084 567 1245 607 scena,
1279 567 1376 610 qua
1405 555 1616 609 virgines
1647 556 1880 613 Agyptio-

317 644 425 673 rum
454 643 626 672 navem
661 630 965 684 prospectant
997 630 1042 670 et
1075 627 1488 683 appropinquante
1525 641 1761 684 praecone
1790 632 1885 674 tre-

322 703 511 759 pidant,
564 702 824 745 omittenda
874 704 986 744 erat.
1060 701 1267 756 Egregie
1316 714 1446 744 nunc
1495 703 1624 757 regis
1675 703 1883 748 adventu

316 776 539 832 Aegyptii
579 775 783 818 audacia
818 774 1066 830 repellitur
1103 776 1147 816 et
1185 786 1402 816 summus
1439 775 1687 830 virginum
1729 778 1887 821 terror

316 849 518 892 sedatur.
577 848 744 904 Itaque
781 850 826 891 et
861 848 1060 891 rationis
1105 850 1149 889 et
1193 848 1550 903 compositionis
1590 848 1888 895 dramaticae

314 924 539 965 intererat
560 934 721 976 regem
742 935 835 964 non
866 922 998 977 prius
1020 920 1190 973 redire,
1224 919 1427 964 Gilberti
1457 935 1571 965 vero
1595 922 1744 966 dubia
1762 923 1884 968 Bue-

316 995 490 1039 cheleri
522 997 565 1038 et
595 995 763 1038 Dielsii
795 995 1075 1037 sententiam
1108 1007 1204 1036 non
1234 994 1539 1038 labefactant.

429 1104 478 1155 ¹¹)
509 1103 719 1146 Dielsius
761 1102 977 1145 Herodot
1017 1102 1119 1144 und
1161 1102 1437 1146 Hekataeos
1482 1117 1526 1159 p.
1561 1106 1642 1147 433
1686 1103 1887 1149 Strabo-

313 1190 422 1219 nem
452 1176 592 1219 XVII
624 1178 705 1219 800
737 1190 794 1219 ex
824 1175 1066 1219 Hecataeo
1097 1175 1308 1232 pendere
1339 1176 1647 1220 demonstrat.

429 1290 477 1342 12)
507 1289 643 1332 Idem
675 1290 732 1332 de
754 1289 1005 1345 Naupacto
1039 1289 1298 1332 dicendum
1330 1292 1401 1333 est
1422 1289 1584 1347 Suppl.
1618 1293 1699 1334 252
1731 1291 1879 1336 schol.

315 1362 489 1418 Ephor.
532 1362 587 1405 fr.
624 1366 675 1405 14
705 1362 766 1405 M.
830 1362 1001 1406 Strabo
1033 1362 1106 1406 IX
1150 1365 1231 1406 853
1262 1363 1481 1407 Eustath.
1522 1364 1586 1407 ad
1614 1364 1667 1408 B.
1702 1368 1795 1408 ⁴276.
1829 1389 1882 1395 ——

314 1435 488 1478 Nescio
511 1449 572 1478 an
592 1436 715 1479 inter
734 1436 964 1492 Aeschyli
983 1437 1134 1480 verba
1161 1432 1278 1477 ἐστιν
1307 1431 1440 1486 πόλις
1461 1432 1671 1490 Κάνωβος
1701 1438 1880 1492 (Prom.

315 1508 426 1562 844),
464 1511 509 1552 et
539 1508 788 1553 Strabonis
820 1504 1028 1562 Κάνωβος
1065 1501 1215 1550 δ’ἐστὶ
1251 1508 1383 1559 πόλις
1420 1511 1684 1555 Similitudo
1723 1513 1884 1556 Cujus-

314 1582 426 1624 dam
461 1583 690 1625 momenti
729 1584 899 1626 existat
934 1583 1091 1635 (XVII
1123 1586 1237 1635 801).
1300 1582 1441 1635 Quod
1477 1585 1517 1627 si
1552 1585 1621 1628 ita.
1664 1588 1752 1639 est,
1791 1586 1883 1629 He:

313 1656 465 1698 cataei
493 1656 642 1699 verba
673 1656 732 1699 ab
764 1659 964 1713 utroque
996 1670 1223 1713 expressa
1252 1657 1500 1701 habemus.

430 1762 478 1814 ¹³²)
511 1762 805 1818 Salmydessi
847 1777 1020 1807 nomen
1065 1765 1194 1820 apud
1237 1765 1425 1807 nullum
1466 1768 1660 1821 poetam
1697 1767 1885 1823 epicum

316 1836 511 1890 legitur3
544 1835 800 1892 Sophocles
834 1838 1009 1893 (Antig.
1045 1838 1160 1891 970),
1193 1837 1435 1882 trochaice
1467 1839 1615 1882 affert.

431 1934 477 1984 ¹⁴)
510 1932 597 1975 Die
636 1933 977 1989 altpersischen
1010 1934 1418 1989 Keilinschriften,
1452 1949 1545 1979 von
1575 1935 1651 1979 Fr.
1677 1936 1882 1993 Spiegel,

319 2004 526 2060 Leipzig,
559 2009 596 2047 2.
630 2006 777 2062 Ausg.
815 2010 933 2051 1881.

438 2101 485 2155 ¹5)
516 2101 604 2145 His
648 2104 804 2146 verbis
848 2104 1023 2147 additis
1067 2119 1108 2161 p.
1149 2108 1221 2159 49,
1263 2110 1282 2148 1
1329 2106 1650 2150 demonstrari
1689 2107 1881 2151 videtur

318 2174 534 2218 consulto
566 2175 694 2219 hunc
727 2177 941 2221 ordinem
974 2179 1283 2222 observatum
1314 2193 1428 2223 esse.

433 2281 482 2335 111)
515 2282 720 2338 Spiegeli
750 2285 884 2339 siglis
912 2288 1119 2329 utemur:
1152 2286 1522 2342 B-Behistanus,
1554 2286 1887 2344 P-Persepoli-

318 2358 476 2408 tanus,
518 2355 848 2413 NRa-Naqs-i
878 2358 1083 2402 Rustam
1118 2362 1347 2416 repertus.
1410 2360 1449 2403 P
1480 2360 1693 2404 Mediam
1729 2362 1886 2418 prima

320 2430 450 2481 parte
471 2428 660 2483 profert,
692 2430 730 2472 B
754 2432 976 2475 secunda.
1030 2433 1070 2475 P
1094 2433 1317 2477 videlicet
1348 2447 1431 2489 per
1462 2447 1674 2477 errorem
1694 2434 1887 2479 Arabes

319 2503 363 2541 et
393 2501 614 2556 Assyrios
644 2506 806 2546 mutat.

438 2609 485 2660 ¹⁷)
518 2608 674 2651 ,Persis
705 2612 773 2653 rei
804 2613 989 2656 navalis
1021 2616 1135 2658 tunc
1166 2615 1399 2671 imperitis
1431 2615 1556 2657 mari
1588 2616 1884 2659 continentes

328 2679 472 2722 multo
503 2683 656 2735 inagis
689 2683 902 2728 distineri
934 2687 1220 2731 videbantur
1252 2702 1397 2744 quam
1426 2687 1624 2731 Graecis
1657 2688 1780 2732 inter
1811 2702 1884 2732 re-

323 2766 509 2795 morum
554 2757 796 2810 strepitum
843 2761 979 2813 quasi
1022 2761 1198 2805 adultis
1243 2761 1387 2821 (Pers.
1422 2764 1474 2804 93
1497 2775 1613 2818 sqq.,
1655 2764 1749 2804 551.
1789 2765 1882 2806 670.

325 2828 416 2867 888.
458 2829 548 2868 92:³5.
623 2828 731 2871 Her.
766 2830 857 2873 Vll
888 2835 960 2875 44:
1004 2834 1118 2877 VIII
1151 2838 1216 2888 68,
1269 2835 1324 2879 cf.
1367 2834 1607 2880 Sandanis
1652 2835 1693 2889 (I
1724 2835 1794 2890 71)
1841 2838 1886 2879 et

327 2897 439 2953 Cyri
470 2899 557 2951 (IX
593 2902 703 2955 122),
741 2903 796 2945 de
830 2904 985 2949 Persis
1019 2908 1157 2950 dicta.
1218 2908 1398 2952 Dubito
1438 2922 1499 2951 an
1536 2908 1751 2965 reliquiis
1782 2909 1885 2965 qui-

324 2971 529 3014 busdam
562 2975 725 3016 aetatis
748 2976 973 3031 Assyriae
1004 2980 1179 3023 factum
1206 2982 1277 3035 sit,
1309 2984 1362 3023 ut
1383 2983 1600 3035 regiones
1627 2982 1686 3026 ab
1711 2995 1883 3026 occasu
