2101 3492
804 397 1081 437 —13—

160 521 450 566 orientalem.
512 520 567 563 In
612 520 808 576 reliquis
849 520 1055 576 permire
1088 520 1400 563 consentiunt.
1456 518 1557 560 Aut
1586 517 1727 560 fallor

158 595 351 651 egregie
373 595 456 636 aut
476 584 641 636 omnes
661 592 753 636 hae
776 593 1108 649 inscriptiones
1128 605 1224 636 uno
1251 591 1309 636 de
1331 591 1459 635 fonte
1481 591 1726 635 derivatae

158 670 282 712 sunt.
334 665 426 719 Qui
447 667 603 723 qualis
624 666 768 710 fuerit
788 667 829 710 si
851 666 1066 710 volemus
1096 665 1344 721 indagare,
1375 665 1586 721 primum
1617 676 1728 707 con—

158 741 372 785 siderare
393 734 587 783 necesse
610 742 692 793 est,
724 739 951 793 Dareum,
983 753 1078 795 quo
1106 741 1299 782 auctore
1332 738 1604 794 conscripta
1634 737 1729 780 sint

159 814 261 868 illa,
301 816 463 857 tamen
492 814 652 870 ipsum
683 826 740 856 ea
769 813 1066 869 perscribere
1097 811 1411 867 dignaturum
1441 823 1538 854 non
1567 811 1726 854 fuisse.

160 886 320 940 Quare
362 887 533 930 aulicis
576 886 868 943 quibusdam
911 885 1168 929 tribuenda
1199 885 1423 929 videntur
1457 885 1516 929 de
1553 885 1728 941 quibus

159 962 364 1005 certiora
393 961 685 1016 investigare
717 959 1057 1003 difficillimum
1089 962 1171 1002 est.
1233 958 1434 1003 Summa
1475 971 1555 1002 eos
1599 957 1729 1015 apud

160 1047 322 1090 regem
355 1035 636 1077 auctoritate
666 1033 904 1086 floruisse,
938 1032 1112 1089 quibus
1143 1032 1238 1076 tale
1267 1045 1444 1076 munus
1474 1031 1728 1076 mandare-

156 1111 260 1162 tur,
304 1108 355 1150 in
397 1110 560 1163 aperto
604 1109 686 1150 est.
746 1106 931 1149 Tabula
966 1106 1346 1162 provinciarum,
1389 1119 1448 1148 ex
1480 1118 1575 1161 qua
1616 1104 1727 1149 illae

158 1182 492 1238 inscriptiones
507 1181 832 1231 sumebantur,
855 1180 1106 1235 permagni
1122 1179 1352 1223 momenti
1368 1179 1555 1222 videtur
1567 1178 1727 1232 fuisse,

159 1268 272 1298 cum
302 1268 362 1298 ex
393 1267 450 1298 ea
486 1254 695 1298 describi
724 1253 887 1296 titulos
924 1255 1298 1296 consentaneum
1328 1255 1373 1296 et
1403 1253 1729 1296 necessarium

156 1330 295 1372 esset.
347 1327 633 1371 Provinciae
665 1329 827 1369 autem
858 1340 915 1370 ea
944 1326 1155 1369 maxime
1185 1326 1370 1369 ratione
1401 1325 1648 1369 ordinatae
1678 1326 1728 1368 in

161 1415 220 1445 ea
250 1404 406 1455 erant,
448 1403 501 1444 ut
530 1401 636 1444 viae
681 1400 1084 1456 significarentur,
1128 1400 1303 1456 quibus
1335 1413 1360 1442 e
1396 1398 1557 1442 media
1591 1399 1729 1453 regni

160 1475 273 1519 sede
303 1475 531 1518 facillime
567 1487 653 1530 per
688 1474 897 1517 marium
933 1475 979 1517 et
1007 1474 1244 1516 montium
1276 1472 1525 1516 obstacula
1555 1471 1619 1515 ad
1648 1485 1729 1515 ex-

159 1551 337 1592 tremos
387 1561 539 1604 usque
589 1547 708 1590 fines
760 1548 974 1590 omnium
1023 1547 1231 1603 partium
1273 1546 1514 1602 perveniri
1555 1547 1725 1602 posset.

161 1621 360 1665 Constat
402 1623 562 1664 autem
602 1633 740 1676 reges
782 1620 1042 1663 Persarum
1084 1622 1129 1662 et
1171 1622 1312 1663 ant-ea
1347 1619 1603 1662 Medorum
1644 1631 1729 1674 per

160 1697 314 1738 totum
344 1707 549 1749 regnum
579 1693 923 1749 exploratoreS,
955 1693 1038 1749 qui
1069 1706 1230 1748 regem
1263 1693 1321 1736 de
1354 1693 1575 1735 omnibus
1606 1704 1728 1747 quae

161 1768 339 1824 ubique
371 1767 657 1810 accidissent
689 1767 913 1810 continuo
945 1767 1195 1810 certiorem
1226 1766 1450 1819 facerent,
1484 1766 1731 1821 praeterea

159 1841 362 1896 legatos,
406 1841 490 1897 qui
519 1840 775 1894 vectigalia
805 1839 1091 1893 conferrent,
1135 1840 1322 1882 mittere
1356 1839 1519 1881 solitos
1550 1837 1728 1891 essem)

159 1914 376 1958 Dareum
404 1913 497 1957 hoc
527 1914 709 1956 maiore
742 1913 899 1956 studio
938 1914 1197 1969 arripuisse
1228 1926 1315 1955 nec
1347 1912 1584 1955 immerito
1617 1924 1729 1955 cau-

160 2001 335 2044 ponem
365 2001 394 2030 a
423 1987 582 2030 Persis
621 1986 916 2043 appellatum
946 1999 1049 2030 esse
1081 2000 1139 2029 ex
1171 1986 1244 2029 his
1283 1999 1472 2043 quoque
1504 1985 1730 2040 cognosci

160 2063 325 2116 potest.
385 2060 494 2103 Nisi
537 2060 728 2103 chartas
772 2059 1120 2116 geographicas
1159 2062 1268 2102 ante
1300 2059 1516 2103 tabulam
1545 2058 1728 2101 Anaxi-

160 2134 355 2177 mandri
384 2134 605 2177 barbaris
636 2134 734 2176 iam
763 2133 909 2176 fuisse
941 2146 1278 2189 supponemus,
1310 2133 1428 2189 (qua
1457 2132 1515 2175 de
1536 2145 1587 2175 re
1608 2130 1731 2175 nihil

160 2222 221 2250 ex
252 2207 438 2251 silentio
469 2209 891 2250 monumentorum
922 2206 1085 2261 colligi
1105 2208 1275 2263 potest)
1308 2208 1556 2261 computos
1588 2217 1730 2261 quos-

161 2281 276 2324 dam
296 2281 550 2336 regionum
572 2281 785 2334 existere,
809 2281 982 2336 quibus
1002 2280 1087 2323 illa
1107 2283 1346 2323 terrarum
1369 2282 1414 2322 et
1434 2279 1730 2332 legationum

161 2354 514 2410 administratio
556 2353 856 2396 moderanda
888 2355 1028 2406 esset,
1072 2366 1265 2396 necesse
1309 2355 1420 2396 erat.
1480 2351 1731 2395 Eiusmodi

159 2427 266 2470 fons
302 2427 552 2470 titulorum
590 2440 754 2469 eorum
792 2426 945 2469 fuerit.
1007 2425 1191 2478 Quodsi
1222 2426 1572 2482 discrepantiae
1607 2425 1731 2468 inter

160 2500 377 2556 singulas
409 2500 648 2556 quaedam
679 2499 1008 2553 inveniuntur,
1052 2499 1301 2542 sciendum
1336 2501 1407 2542 est
1436 2512 1533 2541 non
1564 2511 1729 2541 omnes

160 2574 434 2628 provincias
475 2574 525 2615 in
567 2573 662 2615 illis
706 2572 854 2615 titulis
898 2574 1169 2615 enumerari
1212 2572 1296 2615 sed
1331 2573 1570 2615 maximas
1602 2572 1727 2625 eligi,

162 2647 299 2700 regni
329 2649 506 2689 statum
538 2649 697 2689 autem
728 2646 875 2688 variis
906 2646 1202 2701 temporibus
1234 2659 1318 2702 per
1349 2646 1727 2701 expugnationes

160 2720 209 2761 vet
238 2719 365 2762 bella
393 2722 649 2773 mutatum,
701 2720 904 2774 denique
946 2719 1050 2762 fieri
1092 2720 1321 2775 potuisse,
1364 2721 1417 2762 ut
1452 2719 1726 2762 tabularum

163 2793 382 2836 auctores
413 2793 628 2836 consulto
661 2792 899 2848 quaedam
927 2805 1013 2834 suo
1041 2792 1195 2835 Marte
1227 2792 1364 2835 aliter
1389 2794 1728 2848 componerent

164 2865 305 2919 atque
346 2865 393 2907 in
438 2865 564 2908 fonte
608 2879 694 2908 suo
736 2865 971 2920 legebant.
1032 2865 1168 2908 Tales
1206 2868 1366 2909 autem
1404 2865 1593 2909 tabulas
1630 2879 1725 2907 non

164 2937 307 2979 modo
340 2936 474 2981 Susis
502 2938 662 2992 fuisse,
695 2938 779 2982 sed
810 2939 954 2980 etiam
985 2938 1114 2994 apud
1144 2939 1359 2993 singulos
1380 2941 1596 2994 satrapas
1619 2939 1725 2993 quis

165 3011 330 3064 neget?
382 3009 475 3054 Per
515 3011 602 3054 lios
646 3013 804 3054 autem
846 3011 1006 3054 nescio
1050 3012 1222 3067 quibus
1258 3012 1544 3065 ambagibus
1581 3012 1721 3053 etiam
