2101 3481
966 337 1243 375 —24—

336 466 529 510 nichum
573 476 693 519 quae
738 462 794 503 de
836 459 1078 503 Hecataeo
1123 457 1348 512 cognosci
1389 458 1609 512 poterant
1657 457 1905 511 comperta

336 539 555 582 habuisse
579 534 834 578 verisimile
857 535 936 575 est.
990 531 1188 587 Scriptis
1220 542 1409 586 quoque
1431 530 1533 572 eius
1555 530 1671 585 quin
1703 541 1900 585 operam

337 611 518 654 dederit
557 607 689 651 haud
732 607 985 663 quisquam
1018 604 1276 656 dubitabit,
1321 603 1403 659 qui
1434 603 1720 646 concesserit
1750 603 1800 646 in
1830 603 1906 646 eis

335 684 483 727 multa
513 681 793 738 pertinuisse
826 679 885 721 ad
918 678 1076 733 ipsum
1096 675 1363 732 Phrynichi
1394 678 1733 731 argumentum
1762 689 1901 733 prae-

336 762 404 800 ter
446 754 844 811 expugnationem
885 751 1037 794 multa
1078 749 1155 793 vel
1196 749 1425 792 historica
1462 749 1539 793 vel
1575 749 1904 806 geographica

336 829 653 884 complexum,
692 828 743 868 ut
773 839 831 868 ex
861 824 1090 879 Aeschyli
1122 823 1282 866 Persis
1321 823 1495 866 00111101
1523 824 1689 878 potest.
1750 822 1901 866 Athe-

335 904 407 945 nis
437 901 733 945 Hecataeum
762 900 907 942 fuisse
943 900 996 941 ut
1024 911 1110 954 per
1141 910 1190 940 30
1221 897 1324 940 veri
1361 896 1661 939 simillimum
1690 897 1759 939 ita
1789 910 1901 940 con-

335 976 552 1018 firmatur
582 975 648 1017 eis
689 986 809 1029 quae
847 973 904 1015 de
934 971 1150 1025 Pelasgis
1189 971 1248 1014 ab
1279 969 1655 1014 Atheniensibus
1693 969 1908 1013 detrusis

335 1049 415 1093 1110
466 1050 657 1091 auctore
698 1060 813 1090 usus
857 1046 1199 1089 commemorat
1241 1043 1330 1096 (VI
1364 1045 1541 1097 137).³¹)
1600 1042 1905 1087 Hecataeum.

338 1125 495 1165 autem
516 1122 753 1175 tragicum
775 1133 962 1176 quoque
984 1118 1121 1161 fflum
1144 1118 1425 1161 convenisse
1460 1120 1505 1161 et
1535 1118 1757 1173 quamvis
1792 1119 1910 1160 antc-

336 1209 411 1239 res
432 1195 626 1239 Jonicas
659 1195 872 1237 animum
893 1194 993 1235 eius
1014 1192 1241 1235 historiae
1274 1191 1484 1248 quodam
1516 1191 1687 1234 ardore
1719 1191 1910 1247 cepisse-

338 1272 382 1313 et
413 1268 475 1311 ad
504 1281 580 1311 res
617 1268 782 1310 aetatis
814 1266 1091 1309 recentioris
1129 1278 1300 1308 scenae
1332 1265 1700 1308 committendas
1732 1277 1906 1307 ansam

339 1343 380 1385 ei
411 1341 595 1385 dedisse
627 1341 667 1383 si
696 1340 816 1382 1111111
847 1342 917 1382 031
947 1339 1221 1382 documenti
1259 1351 1352 1394 quo
1385 1338 1741 1394 comprobetur,
1773 1337 1905 1394 quod'

338 1415 602 1470 refragetur
633 1414 790 1470 quoad
821 1413 962 1455 video
993 1412 1115 1455 nihil
1146 1414 1226 1455 est.

450 1488 605 1542 Magis
644 1500 788 1543 quam
825 1487 873 1529 in
906 1481 1108 1541 Μιλήτου
1140 1478 1297 1526 ἁλώσει
1335 1485 1473 1528 libris
1504 1485 1735 1529 Hecataei
1766 1484 1909 1528 adhi-

339 1561 506 1604 bendis
536 1561 670 1604 100113
702 1563 803 1603 erat
833 1561 881 1603 in
913 1559 1209 1613 Phoenissis,
1253 1573 1349 1616 qua
1383 1559 1550 1602 fabula
1585 1559 1729 1602 totius
1765 1559 1905 1614 regni

341 1635 597 1678 Persarum
646 1635 843 1677 exitium
894 1634 1266 1677 describebatur.
1326 1632 1496 1689 Neque
1547 1633 1676 1676 0111111
1723 1632 1906 1676 frustra

340 1707 607 1751 Hecataeus
642 1703 739 1747 τάτε
770 1703 898 1747 ἔθνεα
929 1702 1077 1747 πάντα
1110 1707 1194 1746 ’τῶν
1224 1687 1324 1761 ἧρχέ
1352 1708 1536 1760 Δαρεῖος
1565 1704 1641 1746 καὶ
1672 1702 1748 1761 τὴν
1778 1700 1910 1747 diva-

340 1797 412 1832 μιν
449 1773 579 1821 αἰτοῖ
617 1783 981 1824 enumeraverat
1011 1780 1140 1832 (Her.
1173 1780 1220 1822 V
1251 1781 1344 1834 36),
1389 1781 1473 1824 sed
1510 1780 1762 1824 affluenter
1791 1779 1904 1824 fflae

343 1854 470 1910 apud
489 1854 815 1910 Phrynichum
836 1854 1128 1898 Phoenissae
1162 1854 1219 1897 de
1251 1854 1428 1898 talibus
1450 1854 1594 1898 rebus
1614 1853 1905 1898 vociferatae

343 1931 489 1970 erunt.
549 1928 604 1970 In
648 1927 874 1983 Aeschyli
916 1927 1075 1971 Persis
1116 1928 1357 1984 permulta
1397 1927 1648 1982 leguntur,
1692 1940 1814 1984 quae
1855 1927 1908 1970 111

344 2001 605 2057 Phrynichi
637 2015 823 2057 quoque
853 2001 1031 2055 fabula,
1063 2002 1224 2045 verbis
1247 2001 1366 2055 aliis,
1400 2002 1616 2058 exposita
1640 2001 1788 2044 fuisse
1818 2014 1910 2057 pro

344 2076 469 2117 certo
511 2074 797 2128 habeamus,
840 2075 970 2118 velut
1010 2076 1226 2130 gentium
1266 2075 1405 2118 illum
1442 2075 1662 2118 indicem.
1736 2073 1808 2118 Ob
1853 2074 1907 2117 id

346 2148 501 2202 ipsum
533 2150 631 2190 tam
664 2148 855 2191 difficile
887 2152 955 2191 est
985 2149 1112 2192 unde
1144 2149 1363 2192 notitiam
1405 2162 1568 2192 rerum
1602 2147 1907 2191 Medicarum

346 2220 611 2276 Aeschylus
644 2221 871 2265 derivarit
900 2222 1146 2277 indagare,
1180 2223 1309 2279 quod
1337 2235 1523 2278 semper
1545 2222 1727 2277 ambigi
1755 2223 1911 2278 potest

347 2296 506 2335 utrum
536 2295 635 2349 ipse
667 2295 1030 2352 quibuscunque
1063 2296 1121 2340 de
1151 2296 1364 2339 fontibus
1385 2295 1601 2339 hauserit
1622 2308 1685 2338 an
1707 2308 1736 2337 a
1755 2294 1910 2350 Phry-

348 2365 487 2408 nicho
520 2367 577 2408 sit
607 2370 869 2415 mutuatus;
902 2369 1087 2412 accedit
1108 2369 1237 2426 quod
1259 2383 1352 2425 quo
1375 2372 1589 2425 tempore
1609 2367 1915 2413 Milesiorum

352 2438 603 2492 primarius
635 2440 712 2483 1110
743 2442 817 2483 vir
849 2455 935 2484 sua
966 2443 1303 2499 conscripserit
1332 2443 1596 2498 ignoratur.

465 2510 593 2561 Quae
625 2513 941 2570 qualicunque
978 2515 1122 2558 modo
1161 2516 1473 2559 diiudicanda
1503 2518 1633 2570 sunt,
1677 2515 1741 2559 ad
1783 2529 1915 2559 sum-

351 2596 480 2625 mam
516 2597 673 2627 rerum
709 2600 803 2628 non
839 2589 1075 2642 pertinent
1111 2603 1264 2645 neque
1304 2590 1563 2646 quicquam
1601 2589 1914 2633 dubitationis

356 2656 617 2699 rationibus
648 2658 754 2711 11113,
787 2673 904 2715 quas
937 2674 1082 2716 supra
1113 2664 1296 2718 aperire
1321 2663 1625 2715 tentavimus,
1655 2676 1810 2719 neque
1840 2662 1914 2705 111-

355 2729 495 2771 minis
528 2730 693 2772 afferre
724 2736 931 2786 possunt,
965 2735 1137 2789 quibus
1169 2749 1255 2778 nos
1284 2736 1479 2792 quidem
1502 2737 1561 2779 de
1581 2735 1915 2792 Phrynicheac

357 2803 469 2844 artis
505 2804 692 2858 propria
723 2806 913 2859 natura,
947 2809 1120 2851 crassis
1152 2808 1311 2853 adhuc
1336 2802 1595 2853 'versamur
1624 2810 1674 2853 in
1704 2809 1918 2853 tenebris

358 2874 431 2920 (cf.
465 2875 573 2918 adn.
606 2879 688 2927 228).

472 2947 633 2991 Pauca
674 2949 813 2992 liceat
857 2952 1126 3006 adiungere.
1195 2955 1464 3011 Aeschylus
1514 2957 1564 3000 in
1614 2956 1780 3000 ordine
1831 2968 1920 2998 suo
