2101 3481
973 370 1250 409 --25—

341 514 445 544 ram
481 499 730 549 dederunt,
775 507 884 538 cum
915 492 992 535 vel
1029 491 1315 546 scriptorum
1352 488 1724 543 significationes
1757 500 1899 543 quas-

342 575 453 618 dam
493 574 542 615 in
584 582 723 613 suum
766 580 906 610 usum
942 566 1181 608 verterent
1210 562 1288 606 vel
1331 563 1610 606 coniciendo
1647 575 1723 605 res
1759 573 1900 604 veras

342 645 588 691 enucleare
631 644 927 687 conarentur.
995 638 1094 681 Alii
1145 637 1202 680 de
1253 636 1609 679 commentariis
1652 634 1904 678 Demarati

343 720 467 774 regis
503 717 848 771 cogit-averunt,
893 713 975 756 alii
1019 712 1076 754 de
1107 709 1274 754 tabula
1302 709 1405 763 illa,
1449 722 1596 765 quam
1625 708 1901 752 Herodotus

343 791 558 848 Byzantii
599 789 718 832 vidit
757 787 844 838 (IV
876 786 949 839 87)
992 785 1068 828 vel
1112 784 1170 826 de
1212 782 1510 826 Mandroclis
1553 782 1721 826 tabula
1761 782 1901 838 picta.

345 865 474 917 Quae
494 877 646 920 neque
668 861 818 905 refelli
840 861 1038 916 possunt
1063 871 1216 914 neque
1239 855 1600 912 comprobanda
1621 857 1732 898 sunt
1762 855 1904 898 certis

344 938 544 982 indiciis,
603 935 734 987 Quae
761 933 1034 977 Herodotus
1057 931 1128 974 lV
1150 934 1201 973 87
1229 931 1406 983 narrat,
1439 929 1499 972 ad
1522 931 1738 972 nostram
1760 941 1905 985 quae-

346 1012 546 1055 stionem
576 1009 827 1065 pertinent,
866 1006 995 1063 quod
1031 1005 1098 1048 ibi
1135 1004 1419 1060 explicatur,
1459 1002 1699 1059 quomodo
1732 1001 1908 1045 Graeci

346 1097 531 1141 quoque
563 1082 875 1125 traditionum
895 1079 1201 1122 Persicarum
1230 1077 1488 1133 participes
1518 1076 1623 1119 fieri
1652 1075 1906 1132 potuerint.

346 1158 478 1200 Duas
516 1156 642 1199 enim
680 1154 867 1198 tabulas
898 1153 1076 1196 Darius
1115 1151 1350 1194 exstruxit
1399 1145 1589 1202 &vagabat
1630 1147 1672 1198 ἐς
1713 1146 1790 1201 μὲν
1832 1145 1907 1202 τὴν

343 1223 552 1283 Ἀσσύρια
574 1225 615 1277 ἐς
641 1226 686 1269 de*
711 1224 784 1282 τὴν
801 1220 1024 1281 Ἑλληνικὰ
1048 1220 1292 1279 γράμματα.
1330 1223 1467 1266 Tales
1489 1223 1679 1266 ‘tabulas
1693 1221 1908 1266 Xel'Xeln

349 1317 534 1361 quoque
565 1303 778 1359 posuisse
810 1315 868 1343 ex
899 1300 1060 1356 eisque
1091 1297 1392 1341 Herodotum
1430 1297 1739 1352 exscripsisse
1769 1295 1911 1339 facile

349 1377 478 1420 credi
520 1378 682 1432 potest.
746 1374 1152 1417 Vestimentorum
1194 1371 1536 1426 descriptiones
1579 1383 1676 1413 non
1717 1382 1911 1413 necesse

350 1453 418 1493 est
449 1464 506 1493 ex
538 1448 892 1492 commentariis
924 1445 1213 1503 quibusdam
1247 1446 1462 1500 sumptas
1494 1457 1609 1497 esse,
1642 1457 1752 1487 cum
1784 1456 1912 1486 com-

352 1524 509 1580 plures
539 1522 731 1565 tabulae
762 1522 915 1577 pictae
947 1519 1102 1575 qualis
1136 1518 1221 1561 illa
1250 1517 1566 1561 Mandroclea
1596 1517 1850 1560 extiterint.
1863 1517 1914 1569 32)

351 1597 601 1640 Praeterea
653 1593 1033 1638 obliviscendum
1083 1606 1179 1635 non
1229 1594 1322 1645 est,
1372 1591 1471 1634 iam
1512 1589 1811 1634 Hecataeum
1858 1603 1913 1633 eo

352 1670 494 1713 modo
527 1670 805 1712 vestimenta
836 1667 1156 1709 barbarorum
1187 1665 1497 1720 descripsisse
1530 1663 1603 1716 (cf.
1638 1663 1796 1707 adnot.
1825 1663 1914 1717 26),

355 1744 432 1786 cui
460 1742 581 1785 nulli
610 1742 978 1785 Demaratorum
1010 1739 1342 1782 commentarii
1371 1739 1561 1794 praesto
1592 1737 1781 1781 fuerint.

463 1816 610 1859 Plane
641 1814 759 1857 mihi
796 1827 1015 1869 perverse
1055 1813 1265 1868 cogitare
1298 1811 1522 1855 videntur
1553 1812 1636 1868 qui
1664 1810 1912 1854 Herodoto

353 1904 464 1932 cum
495 1888 714 1932 Choerilo
753 1887 912 1932 Samio
958 1887 1217 1942 quicquam
1259 1898 1513 1929 commune
1557 1898 1659 1928 esse
1703 1884 1914 1928 credant.

354 1962 449 2005 Vix
471 1975 639 2019 operae
661 1962 866 2018 pretium
890 1961 1078 2003 videtur
1106 1960 1436 2002 demonstrare
1457 1959 1730 2014 fragmenta
1750 1960 1916 2014 poetae

354 2037 413 2080 ab
456 2036 536 2079 illo
578 2036 720 2090 longe
763 2034 1100 2087 abl101‘re1·e,³³f·)
1148 2047 1257 2077 cum
1295 2033 1488 2075 omnino
1524 2031 1805 2076 incredibile
1843 2032 1915 2084 sit,

354 2109 669 2160 Herodotum.
716 2110 848 2151 cuius
886 2109 1095 2151 maxime
1132 2108 1381 2150 interesset
1412 2109 1520 2149 ante
1559 2106 1688 2149 dicta
1717 2119 1813 2148 non
1844 2119 1917 2148 re-

356 2186 528 2240 petere,
571 2183 695 2226 hanc
735 2183 981 2238 copiarum
1019 2181 1430 2225 enumerationem
1469 2183 1690 2231 accurate
1723 2193 1782 2222 ex
1813 2192 1918 2222 car-

355 2258 479 2299 mine
522 2258 653 2312 epico
698 2256 1015 2311 exscripsisse.
1078 2254 1180 2298 Nec
1224 2254 1417 2297 omnino
1462 2254 1594 2297 credi
1628 2256 1782 2310 potest·
1817 2255 1917 2296 tam

355 2331 566 2373 ieiunum
596 2330 716 2372 illud
748 2343 941 2372 carmen
970 2329 1129 2381 fuisse7
1162 2330 1213 2371 ut
1242 2328 1363 2371 tanti
1383 2328 1635 2371 nominum
1666 2327 1828 2371 acervi
1858 2340 1917 2370 ex

357 2417 409 2445 eo
442 2404 629 2458 excerpi
658 2406 866 2458 possent,
906 2403 992 2445 etsi
1024 2403 1185 2445 onmia
1218 2402 1415 2444 nomina
1444 2402 1606 2444 versui
1635 2401 1914 2444 hexametro

360 2476 660 2531 quadrarent.
711 2475 982 2519 Herodotus
1006 2478 1165 2519 autem
1196 2476 1396 2519 secundi
1426 2475 1636 2532 quodam
1666 2475 1779 2518 libri
1809 2474 1914 2517 loco

360 2549 415 2601 (c.
443 2552 535 2600 112)
569 2549 625 2591 de
647 2549 914 2592 Homericis
946 2550 1061 2605 ipsis
1093 2549 1387 2592 carminibus
1410 2549 1559 2592 verba
1586 2548 1766 2592 faciens
1799 2547 1916 2591 dicit

359 2618 397 2661 εἰ
437 2617 511 2674 χρῇ
558 2637 591 2661 ιι
641 2625 747 2662 τοῖσι
802 2620 1057 2663 ἐποποιοῖσι
1111 2617 1330 2675 χρεόμενον
1379 2619 1526 2675 λέγειν.
1607 2619 1765 2673 Quare
1803 2620 1918 2664 Nie-

360 2694 519 2738 buhrii
569 2695 625 2737 de
677 2694 894 2738 Choerilo
951 2697 1274 2739 coniecturam
1322 2697 1436 2751 puto
1491 2694 1633 2751 plane
1690 2694 1918 2739 abiicien-

363 2768 474 2810 dam
505 2781 615 2810 esse.
