2101 3481
993 377 1273 417 -.-16-.

352 501 636 547 occidentali
668 501 810 542 Asiae
849 499 1017 541 eodem
1057 497 1224 540 ordine
1261 496 1440 540 relatae
1478 499 1590 539 sunt
1627 510 1721 553 quo
1753 495 1817 549 (V
1846 497 1918 550 49)

352 578 657 630 Aristagoras
690 573 818 628 apud
841 571 1147 616 Cleomenem
1178 569 1620 613 Lacedaemonium
1650 570 1919 614 secundum

351 650 565 693 tabulam
601 647 829 690 Hecataei
860 646 1078 700 regiones
1121 644 1370 700 percurrit,
1415 646 1460 687 et
1500 643 1776 687 Herodotus
1818 644 1920 700 ipse

354 723 512 779 paullo
540 723 646 777 post
667 719 729 772 (V
752 720 822 771 52)
853 719 984 761 viam
1013 718 1196 773 regiam
1223 731 1319 774 qua
1339 716 1530 773 Epheso
1554 717 1844 761 ascendatur
1869 717 1919 760 in

355 797 609 841 Susianam
630 793 833 849 exponit.
885 791 990 835 Hoc
1014 791 1140 834 enim
1163 791 1331 834 ordine
1354 790 1619 833 afferuntur
1639 791 1693 843 (c.
1710 790 1918 845 49-52):

351 869 498 921 101113,
530 866 698 922 Lydia,
730 865 957 921 Phrygia,
990 864 1312 920 Cappadocia,
1336 863 1519 917 Cilicia,
1541 864 1788 918 Armenia,
1816 863 1921 908 Ma-

350 943 484 994 tiene,
518 940 684 993 Cissia,
718 939 850 983 Susa.
903 938 958 981 In
990 938 1312 994 sati-apiarum
1342 950 1544 981 recensu
1572 937 1725 981 multo
1755 937 1919 994 plures

350 1015 515 1071 populi
546 1014 827 1066 afferuntur,
862 1011 947 1055 sed
977 1011 1072 1055 illis
1103 1006 1221 1055 locis
1260 1011 1508 1068 scriptoris
1539 1010 1661 1055 nihil
1691 1011 1921 1055 intererat

350 1089 441 1132 nisi
482 1088 589 1130 viae
635 1087 947 1129 directionem
989 1098 1085 1141 qua
1126 1085 1479 1141 penetrandum
1522 1088 1646 1129 esset
1686 1098 1839 1142 usque
1869 1086 1918 1129 in

350 1162 566 1205 Persiam
608 1160 814 1203 breviter
857 1159 1142 1214 significare.
1203 1159 1310 1202 Iam
1351 1172 1464 1203 vero
1507 1159 1826 1216 Kjepertus23)
1868 1159 1920 1203 in

348 1235 433 1278 illa
462 1234 643 1277 itineris
677 1233 993 1289 descriptione
1023 1232 1156 1275 nullo
1187 1232 1293 1276 loco
1324 1233 1488 1286 urbeS,
1527 1233 1612 1276 sed
1643 1233 1801 1276 30111111
1830 1232 1919 1276 flu—

350 1309 481 1351 mina
511 1311 556 1351 et
591 1309 742 1350 terras
774 1307 1014 1349 nominari
1045 1305 1254 1349 adnotat.
1315 1305 1551 1350 Herodoti
1581 1309 1741 1350 autem
1769 1307 1922 1350 verba

350 1381 542 1425 exhibet
573 1381 746 1436 quibus
777 1379 856 1423 ille
887 1379 1105 1423 tabulam
1135 1380 1271 1422 illam
1301 1384 1459 1423 terrae
1489 1381 1633 1424 totius
1665 1381 1920 1424 circuitum

348 1458 394 1498 et
423 1467 556 1497 mare
592 1456 743 1496 totum
775 1456 819 1496 et
849 1453 1050 1496 flumina
1081 1454 1245 1496 omnia
1276 1454 1566 1497 continuisse
1600 1454 1715 1497 dicit
1740 1453 1805 1508 (V
1833 1456 1917 1504 49).

351 1527 508 1580 Quare
539 1526 856 1580 Herodotum,
895 1541 1006 1570 cum
1036 1527 1173 1570 illam
1205 1528 1334 1570 viam
1366 1528 1661 1582 significaret
1688 1527 1921 1571 Hecataei

349 1601 565 1645 tabulam
608 1602 824 1643 secutum
864 1613 965 1643 esse
1013 1614 1335 1658 numerosque
1379 1602 1646 1657 spatiorum
1688 1614 1718 1644 a
1758 1600 1920 1645 Persis

350 1676 617 1729 compertas
651 1675 922 1729 assignasse
954 1674 1212 1728 existimat,
1244 1677 1298 1717 ut
1327 1677 1455 1730 puto,
1487 1675 1812 1730 sagacissime.
1871 1674 1920 1718 Is

351 1750 512 1790 autem
541 1750 779 1790 terrarum
811 1748 927 1790 ordo
959 1748 1101 1803 plane
1133 1749 1356 1791 convenit
1386 1762 1497 1792 cum
1529 1761 1603 1802 eo,
1638 1761 1732 1804 quo
1762 1749 1921 1804 prima

350 1823 484 1877 parte
515 1834 739 1864 recensus
771 1821 898 1864 illius
932 1822 1179 1877 copiarum
1216 1824 1378 1865 noster
1408 1822 1568 1865 utitur.
1633 1821 1792 1873 Quare
1823 1835 1920 1865 non

350 1895 552 1937 nimium
596 1893 714 1937 mihi
756 1896 1067 1951 sumpserim,
1111 1896 1152 1938 si
1192 1895 1336 1938 huius
1380 1909 1569 1952 quoque
1605 1895 1701 1939 loci
1741 1895 1920 1939 sontem

351 1967 485 2009 illam
516 1967 747 2010 Hecataei
782 1968 995 2011 tabulam
1031 1969 1178 2012 fuisse
1210 1969 1407 2013 conicio,
1469 1968 1626 2021 Quam
1670 1982 1763 2025 quo
1808 1982 1919 2013 con-

351 2040 457 2083 silio
488 2040 761 2083 Herodotus
805 2041 1077 2085 adhibuerit
1120 2043 1235 2085 satis
1271 2042 1475 2097 intelligi
1510 2056 1608 2085 non
1637 2044 1793 2099 potest
1826 2043 1921 2086 nisi

350 2114 616 2166 cogitamus
651 2115 886 2171 satrapias
916 2116 966 2158 in
997 2116 1082 2159 illa
1111 2116 1279 2160 tabula
1310 2117 1416 2173 ipsa
1441 2116 1736 2171 significatas
1757 2116 1918 2160 fuisse.

352 2186 626 2229 Herodotus
661 2190 820 2231 autem
850 2189 1011 2245 paullo
1045 2192 1153 2233 ante
1183 2190 1312 2234 1111110
1339 2190 1500 2234 10011111
1522 2189 1589 2243 (V
1611 2191 1699 2244 36).
1761 2189 1918 2234 Heca-

350 2262 513 2303 taeum
544 2261 591 2303 in
625 2261 822 2304 consilio
854 2262 1027 2306 Ionum
1059 2264 1116 2307 de
1154 2264 1386 2307 seditione
1419 2264 1790 2307 deliberantium
1820 2258 1921 2304 τότε

352 2329 481 2372 ἔθνεα
512 2329 658 2373 πάντα
690 2335 772 2374 τῶν
803 2325 900 2390 ἦρχε
931 2338 1113 2390 Δαρεῖο,ὶ
1143 2335 1219 2378 καὶ
1250 2334 1330 2394 τήν
1361 2333 1542 2390 δύναμιν
1563 2329 1696 2378 αὐτοῦ
1727 2349 1920 2381 enume-

354 2419 485 2449 rasse
506 2409 745 2461 nan-affl)
776 2410 905 2464 quod
926 2413 978 2452 ut
998 2411 1229 2455 scriberet
1255 2411 1340 2454 illa
1360 2411 1553 2455 tabulae
1573 2411 1759 2454 ratione
1791 2423 1920 2454 com-

354 2481 537 2521 motum
569 2494 677 2522 eum
708 2494 810 2524 esse
841 2486 967 2538 puto.
1029 2483 1146 2528 Veri
1177 2485 1333 2528 simile
1372 2499 1484 2528 vero
1522 2486 1593 2528 est
1621 2483 1920 2528 Hecataeum

353 2550 487 2594 illam
510 2554 827 2608 satrapiarum
851 2557 1152 2610 partitionem
1174 2559 1367 2602 tabulae
1395 2559 1704 2602 commissam
1724 2558 1774 2600 in
1795 2557 1919 2602 libro

353 2638 541 2679 quoque
585 2625 641 2667 de
687 2628 885 2671 circuitu
928 2630 1072 2674 Asiae
1117 2633 1291 2688 scripto
1336 2644 1750 2675 commemorasse.
1816 2630 1920 2674 Nec

353 2697 512 2739 minus
555 2700 657 2741 veri
701 2700 853 2743 simile
897 2702 1085 2746 videtur
1132 2704 1434 2748 Herodotum
1479 2706 1530 2749 in
1572 2704 1646 2748 his
1686 2704 1920 2748 Hecataei

354 2770 671 2826 descriptione
717 2786 855 2816 usum
898 2788 1017 2828 esse,
1062 2791 1170 2820 cum
1206 2777 1447 2822 Graecum
1485 2780 1611 2822 certe
1653 2778 1834 2822 fontem
1875 2778 1920 2822 ei

353 2842 499 2886 fuisse
532 2846 836 2900 perspicuum
871 2849 941 2891 sit.
993 2849 1230 2905 Regiones
1261 2853 1389 2895 enim
1414 2853 1487 2895 ‘ita
1515 2854 1743 2905 recenset,
1775 2855 1828 2895 ut
1857 2851 1919 2894 ab

355 2916 642 2960 occidentali
680 2922 812 2973 parte
848 2923 1075 2975 procedat
1110 2938 1194 2979 por
1226 2926 1395 2968 Asiam
1433 2926 1497 2969 ad
1527 2925 1826 2979 orientalem,
1868 2924 1920 2969 id

354 2989 483 3043 quod
526 2991 705 3033 recedit
750 3005 778 3034 a
819 2992 1073 3038 Persarum
1117 2999 1326 3051 more.2⁵)
1387 2997 1521 3050 Quaev
1565 3000 1604 3042 si
1647 3001 1751 3041 rata
1795 3000 1917 3051 sunt,
