2101 3481
1022 383 1068 387 i-
1133 361 1299 400 20-

381 494 531 548 potest
563 503 620 532 ex
651 484 1052 541 inscriptionibus.
1114 480 1306 524 Abhinc
1343 479 1500 534 magis
1542 479 1665 522 inter
1709 491 1759 521 se
1792 477 1949 521 diver-

384 567 501 619 gunt
531 576 616 605 nec
650 560 870 603 accurate
903 555 1093 611 singula
1125 553 1331 598 conferri
1367 554 1577 609 possunt.
1639 552 1696 596 In
1727 551 1951 608 satrapiis

384 633 719 682 enumerandis
750 632 814 674 ita
844 629 1000 686 pergit
1029 627 1317 680 Herodotus,
1350 628 1401 668 ut
1431 625 1578 668 Asiae
1608 625 1848 670 ulterioris
1879 638 1953 668 re-

383 712 546 766 giones
577 719 717 763 porro
755 706 1003 761 percurrat
1033 714 1183 757 usque
1222 700 1285 743 ad
1317 700 1579 756 satrapiam
1610 702 1795 742 sextam
1826 698 1953 742 deci-

382 795 522 827 mam.
570 780 700 822 Tunc
732 777 887 820 subito
919 776 1089 818 transit
1121 774 1183 817 ad
1206 773 1599 829 septentrionales
1626 773 1764 828 regni
1792 774 1954 829 partes

383 858 432 899 in
464 852 767 910 sequentibus
800 848 986 893 duobus
1018 847 1350 904 praefecturis3
1381 845 1470 889 hos
1502 847 1632 889 enim
1663 846 1819 890 affert:
1850 845 1955 889 Ma-

383 931 532 972 tienos
584 925 800 981 Saspires
841 921 1098 965 Alarodios
1139 920 1365 965 Moschos
1404 919 1667 963 Tiba1·enos
1699 919 1954 963 Macrones

383 1002 722 1056 Mossynoecos
752 997 923 1040 Mares.
985 995 1087 1038 Hos
1132 997 1293 1038 autem
1324 995 1374 1037 in
1405 995 1606 1050 septimo
1637 993 1761 1037 libro
1792 995 1956 1050 protu-

383 1076 505 1118 lerat
533 1074 656 1116 inter
692 1070 893 1127 populos
925 1070 1071 1112 Asiae
1110 1068 1354 1111 citerioris.
1415 1067 1546 1111 Tunc
1578 1069 1818 1123 postremo
1848 1066 1955 1111 loco

384 1148 648 1204 sequuntur
678 1144 798 1187 Indi.
859 1143 1007 1186 Medii
1051 1148 1211 1185 autem
1248 1142 1372 1184 inter
1402 1141 1548 1184 Asiae
1588 1141 1960 1197 descriptionem

387 1235 446 1265 ex
476 1219 729 1271 Hecatan,
761 1217 811 1260 ni
840 1216 994 1269 fallor,
1028 1228 1307 1272 expressam
1338 1217 1383 1258 et
1412 1215 1725 1271 posteriorem
1756 1216 1955 1271 partem,

388 1307 510 1350 quae
536 1293 732 1348 incipiat
764 1291 823 1333 ab
855 1290 1002 1343 Indis,
1034 1289 1302 1345 interpositi
1334 1291 1460 1332 sunt:
1500 1288 1793 1344 Sattagydae
1827 1287 1957 1332 Gan-

386 1368 508 1411 darii
543 1363 768 1418 Dadicae]
797 1364 1052 1419 Aparytae.
1116 1362 1409 1418 Sattagydae
1458 1363 1508 1406 in
1556 1362 1762 1406 Persicis
1809 1361 1959 1406 titulis

386 1453 571 1496 semper
613 1452 710 1481 una
753 1451 862 1481 cum
901 1437 1180 1481 Arachosiis
1219 1438 1563 1479 enumerantur
1600 1435 1749 1488 (Stein
1786 1435 1851 1478 ad
1886 1434 1961 1478 ΙΠ

389 1518 454 1567 91,
490 1514 572 1566 Π).
634 1513 690 1555 111
720 1511 856 1554 titulo
891 1511 1223 1567 antiquissimo
1254 1511 1294 1553 B
1326 1510 1467 1553 India
1497 1523 1595 1553 non
1627 1510 1841 1563 affertur,
1876 1508 1960 1553 sed

389 1589 515 1631 intra
551 1586 770 1641 regiones
809 1584 916 1627 illas
950 1587 1293 1628 enumerantur
1322 1584 1489 1635 Maka,
1534 1597 1657 1640 quae
1695 1584 1828 1639 regio
1863 1596 1962 1626 non

391 1662 441 1704 in
479 1659 612 1703 NRa.
663 1659 718 1701 In
750 1657 790 1701 P
833 1658 1051 1701 videmus
1082 1657 1213 1701 hunc
1245 1657 1481 1701 ordinem:
1515 1657 1808 1713 Sattagydae
1837 1657 1962 1700 Ara-

391 1734 543 1778 chosii
593 1732 702 1775 Indi
749 1731 1002 1775 Gandarii:
1057 1732 1105 1774 in
1154 1731 1297 1775 NRa:
1352 1730 1611 1774 Arachosii
1670 1730 1964 1787 Sattagydae

392 1807 626 1852 Gandarii
672 1805 791 1848 Indi.
854 1805 1108 1848 Praeterea
1144 1806 1194 1848 in
1224 1804 1263 1847 B
1297 1807 1405 1848 ante
1448 1806 1613 1859 gentes
1652 1817 1772 1861 quas
1804 1803 1964 1848 attuli-

391 1894 497 1924 mus
544 1879 632 1922 has
675 1879 892 1921 videmus
945 1881 1208 1921 enarratas:
1264 1878 1469 1921 Part-hos
1525 1877 1770 1933 Sarangos
1817 1878 1962 1921 Arios

392 1953 699 1997 Chorasmios
742 1952 943 1995 Bactros
990 1952 1196 2008 Sogdos3
1245 1953 1295 1995 in
1338 1951 1395 1995 P:
1458 1951 1664 1995 Parthos
1719 1950 1964 2006 Sarangos

393 2028 534 2070 Arios
580 2026 779 2069 Bactros
829 2026 1014 2081 Sogdos
1073 2025 1401 2079 Chorasmios3
1450 2027 1500 2069 in
1548 2025 1690 2068 NRa:
1756 2025 1963 2068 Parthos

396 2102 536 2143 Arios
570 2100 768 2143 Bactros
803 2100 988 2154 Sogdos
1029 2099 1336 2144 Chorasmios
1380 2100 1624 2155 Sarangos
1665 2100 1733 2143 ita
1775 2102 1827 2142 ut
1862 2099 1965 2143 veri

394 2173 692 2217 simillimum
714 2173 945 2227 videatur,
979 2173 1107 2229 apud
1128 2173 1430 2217 Herodotum
1462 2187 1651 2230 quoque
1673 2172 1964 2229 Sattagydas

396 2250 671 2302 ceterasque
692 2250 856 2301 gentes
885 2247 992 2290 illas
1014 2251 1120 2303 post
1154 2248 1416 2303 satrapiam
1447 2247 1525 2290 vel
1544 2246 1666 2290 XVI
1696 2246 1773 2289 vel
1793 2245 1965 2290 XVIH

396 2320 554 2362 locum
594 2320 839 2373 habuisse,
889 2320 974 2363 hos
1020 2324 1180 2364 autem
1223 2321 1384 2364 statim
1425 2321 1572 2364 Indos
1617 2322 1803 2363 secutos
1846 2332 1961 2363 esse.

398 2393 529 2436 Haec
572 2393 665 2436 loci
706 2395 904 2436 mutatio
949 2408 1041 2450 qua
1087 2395 1144 2438 de
1188 2407 1335 2438 causa
1378 2395 1438 2437 sit
1480 2397 1584 2437 orta
1624 2393 1832 2450 perspici
1866 2406 1964 2436 non

397 2468 567 2520 potest,
612 2468 882 2519 graviorem
930 2481 1036 2510 eam
1075 2468 1221 2511 fuisse
1262 2481 1360 2511 non
1398 2470 1526 2524 puto,
1569 2467 1771 2510 fortasse
1813 2467 1965 2510 errori

399 2538 592 2581 cuidam
633 2539 865 2583 Herodoti
906 2542 1223 2585 tribuendam.
1295 2541 1472 2584 Adhuc
1513 2540 1595 2584 1110
1644 2541 1702 2584 de
1745 2540 1966 2584 orientali

398 2614 531 2666 parte
562 2616 740 2666 egerat,
771 2615 983 2657 restabat
1021 2615 1342 2659 occidentalis.
1403 2614 1544 2658 Hanc
1582 2617 1742 2658 autem
1779 2628 1838 2658 ex
1869 2614 1963 2658 alio

398 2683 525 2726 sonte
548 2685 801 2740 supplevit3
835 2687 916 2730 sed
938 2701 1032 2730 non
1066 2689 1227 2731 omnia
1247 2689 1437 2744 legebat
1466 2688 1516 2730 in
1545 2687 1638 2731 hoc
1668 2687 1808 2743 fonte,
1841 2701 1964 2744 quae

333 2775 337 2780 ·
401 2757 658 2812 praebebat
690 2758 828 2811 alter,
872 2760 1032 2816 itaque
1064 2776 1185 2817 quae
1218 2764 1516 2818 supererant,
1559 2764 1612 2804 ut
1643 2762 1883 2816 extabant,
1914 2762 1963 2805 in

400 2830 493 2873 fine
524 2844 746 2874 recensus
779 2835 1007 2887 apposnit.
1041 2836 1155 2878 satis
1186 2836 1381 2890 indigne
1398 2829 1611 2892 quidem,
1642 2836 1738 2879 illis
1768 2836 1964 2879 minori-

399 2904 489 2946 bus
532 2905 751 2957 gentibus
795 2906 1017 2950 Ponticis.
1081 2907 1220 2959 Quod
1263 2913 1314 2951 ut
1357 2910 1633 2965 corrigeret,
1678 2910 1825 2953 Indos
1867 2909 1964 2953 iliis

403 2978 689 3032 antepositos
735 2982 944 3021 extremo
984 2980 1084 3023 loco
1125 2982 1448 3036 coliocaverit,
1494 2996 1587 3038 quo
1621 2983 1890 3038 digniorem
1919 2984 1965 3026 et
