2101 3481
1024 379 1301 416 —14-

386 505 448 547 ad
485 504 803 557 cognitionem
836 501 1130 544 Graecorum
1162 500 1332 542 Asiam
1367 499 1678 544 incolentium
1710 514 1767 544 ea
1801 514 1947 558 pene-

384 583 534 620 trasse
567 574 967 619 verisimillimum
997 576 1078 616 est.

496 648 600 691 Iam
630 648 823 690 tandem
854 647 1067 690 redimus
1099 646 1161 689 ad
1192 645 1489 702 Aeschylum
1518 647 1688 703 ipsum.
1732 647 1943 692 Easdem

385 722 512 779 apud
543 735 651 765 eum
684 723 905 777 quattuor
935 722 1094 776 partes
1118 719 1347 762 videmus.
1399 719 1508 776 Ipse
1530 734 1718 777 quoque
1738 734 1944 777 regnum

383 811 478 839 non
500 796 563 838 ad
582 795 746 847 librae,
775 793 860 837 sed
881 794 942 836 ad
963 793 1293 849 perpendiculi
1313 794 1548 837 rationem
1568 796 1773 850 partitur
1792 796 1944 852 prius:

382 883 472 925 que
493 870 615 912 sicut
635 867 674 911 B
696 870 742 911 et
762 866 801 910 P
823 867 1167 910 occidentalem
1190 869 1375 922 partem
1405 867 1595 923 profert.
1649 867 1944 913 Orientalem

382 949 539 985 autem
582 942 747 997 paucis
778 941 938 984 verbis
976 940 1183 996 expedit,
1231 942 1370 996 quasi
1401 941 1662 985 barba-ram
1691 943 1944 986 nominum

379 1015 554 1058 molem
576 1014 788 1057 horrens.
839 1013 947 1057 Una
968 1028 1018 1057 re
1041 1013 1292 1069 discrepat,
1319 1014 1449 1070 quod
1469 1014 1769 1070 Babylonem
1789 1018 1946 1072 poste—

379 1091 503 1132 riore
533 1088 637 1131 loco
670 1089 795 1141 citat,
828 1101 924 1144 qua
955 1087 1012 1131 de
1042 1101 1093 1131 re
1123 1087 1250 1130 infra
1282 1090 1461 1143 agetur.
1522 1089 1713 1145 Aliquis
1743 1090 1944 1133 rationis

378 1164 500 1205 inter
542 1161 649 1205 illas
685 1162 1017 1217 inscriptiones
1055 1163 1100 1204 et
1130 1160 1255 1204 hanc
1285 1161 1517 1217 Aeschyli
1551 1162 1769 1218 parodon
1797 1163 1943 1207 inter-

379 1236 547 1279 cedere
593 1235 931 1278 contenderim.
999 1233 1132 1285 Quae
1175 1234 1331 1291 qualis
1372 1234 1539 1288 fuerit,
1583 1249 1643 1278 ex
1685 1237 1778 1291 eis,
1822 1250 1946 1293 quae

378 1310 536 1366 priore
578 1312 711 1365 parte
753 1308 895 1351 huius
934 1308 1151 1363 opusculi
1189 1308 1581 1352 demonstrabam
1615 1309 1823 1353 divinari
1859 1324 1942 1367 po-

379 1386 478 1426 test.
530 1383 868 1425 Divinantibus
901 1385 1060 1425 autem
1092 1396 1202 1425 ecce
1234 1383 1472 1426 succurrit
1500 1382 1736 1427 Herodoti
1765 1383 1843 1428 hic
1874 1384 1943 1428 lo-

379 1471 495 1500 cus:
525 1449 750 1504 Ἑκαταῖος
773 1448 795 1496 ὃ
816 1451 1048 1509 λογοποιὸς
1080 1455 1231 1508 πρῶτα
1256 1453 1333 1508 μὲν
1364 1448 1440 1496 οὖν.
1462 1452 1511 1496 ἔα
1542 1452 1736 1509 πόλεμον
1764 1455 1944 1510 βασιλέϊ

377 1531 461 1569 τῶν
486 1530 666 1584 Περσῶν
698 1522 982 1582 ἀναιρέεσθαι
1015 1527 1264 1584 καῑαλέγων
1293 1525 1396 1571 uite
1417 1527 1546 1571 ἔθνεα
1569 1526 1716 1571 πάντα
1740 1531 1825 1572 τῶν
1845 1521 1945 1586 ἦρχε

382 1606 564 1656 Δαρεῖος
593 1601 669 1644 καὶ
698 1599 774 1658 ’τὴν
804 1598 980 1656 δύναμιν
1013 1595 1146 1644 αἰτοῖ
1177 1603 1243 1657 (V
1275 1606 1358 1657 36).
1420 1604 1494 1647 EX
1537 1618 1630 1661 quo
1661 1605 1767 1649 lOCO
1801 1605 1943 1649 disci-

378 1691 484 1720 mus
520 1677 816 1721 Hecataeum
859 1681 966 1720 ante
1010 1678 1293 1721 seditionem
1329 1678 1544 1722 Ionicam
1580 1677 1799 1722 Persiam
1839 1692 1948 1735 per-

377 1752 610 1806 migrasse
654 1751 853 1803 (simodo
896 1752 1012 1794 certi
1055 1751 1171 1808 quid
1213 1765 1271 1794 ex
1313 1751 1405 1795 hac
1455 1752 1711 1795 traditione
1760 1752 1941 1796 lucrari

377 1838 649 1880 possumuS,
695 1839 803 1868 cum
844 1826 1121 1879 ignoremus
1163 1825 1324 1881 quoad
1360 1839 1522 1869 rerum
1552 1826 1729 1869 veritas
1760 1826 1941 1869 Milesi-

380 1912 515 1941 orum
536 1899 666 1942 fama
686 1899 846 1942 fucata
867 1900 956 1952 sit),
990 1899 1161 1942 deinde
1191 1899 1409 1942 tabulam
1431 1900 1568 1954 regni
1588 1898 1772 1943 Persici
1791 1913 1941 1956 popu-

377 1972 535 2016 lorum
566 1986 675 2015 eum
704 1972 990 2029 possedisse,
1033 1976 1273 2029 postremo
1311 1973 1559 2030 copiarum
1595 1973 1723 2027 regis
1754 1974 1941 2028 magni-

378 2046 593 2089 tudinem
624 2048 916 2102 compertam
943 2048 986 2090 ei
1005 2046 1162 2090 fuisse.
1217 2045 1333 2089 Utut
1353 2046 1471 2090 haec
1495 2048 1618 2099 sunt,
1640 2045 1939 2089 Herodotum

380 2122 504 2162 certe
534 2120 616 2162 vix
647 2119 731 2162 illa
760 2120 1014 2163 tradidisse
1046 2120 1189 2163 credo
1222 2121 1321 2163 sive
1352 2120 1504 2163 relata
1530 2120 1590 2163 ab
1612 2119 1810 2163 Ionibus
1842 2120 1943 2163 sive
1978 2107 1980 2110 V

380 2206 408 2236 a
440 2207 487 2236 se
518 2193 640 2246 ficta,
673 2194 765 2236 nisi
794 2194 939 2236 talem
969 2194 1377 2237 enumerationem
1406 2193 1694 2250 populorum
1713 2194 1764 2236 in
1784 2192 1940 2237 Heca-

380 2267 473 2308 taei
504 2267 690 2322 scriptis
728 2270 889 2310 extare
922 2268 1130 2311 vidisset.
1191 2267 1319 2311 Nam
1352 2266 1649 2311 Graecorum
1685 2266 1804 2310 haec
1841 2269 1944 2310 erat

382 2340 685 2393 consuetudo,
704 2354 824 2397 quae
838 2342 935 2384 iam
948 2341 1183 2385 Herodoti
1194 2342 1489 2398 temporibus
1505 2341 1754 2384 observari
1773 2343 1940 2396 potest,

382 2420 431 2455 ut
463 2414 718 2456 illustrium
748 2415 961 2457 virorum
992 2416 1113 2458 vitas
1138 2428 1249 2458 cum
1279 2415 1542 2458 eorundem
1573 2415 1761 2470 scriptis
1794 2427 1941 2470 quam

384 2488 617 2529 artissime
646 2492 952 2530 conecterent.
1014 2488 1143 2532 Nota
1174 2491 1284 2531 sunt
1314 2501 1436 2544 quae
1469 2487 1527 2531 de
1549 2486 1735 2541 Solone,
1767 2487 1940 2530 Archi-

382 2559 534 2612 locho,
579 2559 860 2613 Stesichoro,
904 2561 1178 2617 Phrynicho
1221 2561 1480 2617 multisque
1525 2561 1630 2604 aliis
1667 2563 1939 2603 narrantur.

385 2632 540 2687 Supra
570 2633 776 2675 vidimus
807 2635 1103 2690 Aeschylum
1143 2637 1192 2679 in
1237 2648 1423 2678 summo
1465 2635 1733 2691 partitionis
1777 2634 1944 2678 ordine

386 2721 494 2748 cuni
538 2706 574 2748 B
618 2710 661 2748 et
699 2706 735 2747 P
779 2708 925 2750 titulis
971 2710 1245 2762 concinere,
1290 2723 1318 2752 a
1360 2708 1481 2751 NRa
1526 2708 1787 2751 dissentire.
1849 2708 1941 2751 Hic

387 2784 544 2821 autem
576 2784 682 2821 ante
715 2794 893 2822 annum
924 2783 1452 2837 quadringentesimum
1476 2783 1845 2837 nonagesimum
1873 2782 1946 2824 ul-

385 2854 501 2894 tima
532 2853 677 2895 Darei
715 2857 865 2896 aetate
903 2857 1105 2910 scriptus
1143 2860 1223 2899 est.
1284 2855 1556 2899 Hecataeus
1589 2859 1697 2898 ante
1728 2855 1947 2900 rebellio-

388 2940 494 2969 nem
525 2926 734 2968 Ionicum
774 2929 933 2969 Asiani
970 2930 1094 2973 visit:
1129 2943 1277 2985 quare
1310 2930 1472 2985 siquas
1504 2929 1693 2972 tabulas
1725 2928 1942 2972 Persicas

388 3001 458 3041 wl
495 3014 654 3041 uzu-um
691 3001 962 3055 2³]>‹)2'1·211)l121
999 3003 1213 3056 inspexit.
1251 3017 1343 3045 non
1376 3002 1510 3045 lea.
1545 3002 1627 3045 sed
1660 3004 1842 3058 priores
1873 3003 1944 3045 in-
