2101 3492
789 425 1068 463 -17—

142 546 270 588 tertii
291 558 479 601 quoque
507 545 620 589 libri
648 546 785 589 locus
816 546 896 589 ille
921 547 1174 590 deberetur
1194 546 1436 590 Hecataeo
1459 548 1707 603 maiusque

143 621 334 662 nostrae
378 619 590 674 opinioni
632 620 879 663 accederet
919 621 1255 663 testimonium.
1315 620 1484 677 Neque
1523 623 1593 664 est
1623 635 1708 664 cur

143 691 439 735 Hecataeum
480 693 529 735 in
571 692 646 745 his
688 707 783 736 non
827 693 1076 737 adhiberet
1113 694 1248 736 cuius
1278 694 1472 737 traditio
1503 697 1571 737 tot
1601 694 1707 737 aliis

142 765 261 809 locis
292 765 336 808 ei
367 765 581 809 obsoleta
610 780 707 809 non
737 767 1003 811 videbatur.
1066 766 1199 819 Quae
1230 781 1341 810 cum
1371 768 1436 811 ita
1466 768 1578 821 sint,
1612 781 1707 811 non

139 838 300 882 solum
332 839 390 882 de
419 839 630 883 fontibus
652 840 898 894 Herodoti,
931 841 1016 884 sed
1046 841 1191 883 etiam
1223 841 1280 884 de
1302 842 1458 897 operis
1479 840 1709 885 Hecataei

136 911 341 955 consilio
374 912 603 956 discimus
635 913 818 970 aliquid
850 916 896 956 et
924 915 974 957 in
994 914 1276 969 fragmentis
1302 915 1403 957 eius
1426 914 1707 958 ordinandis

143 987 307 1042 (quam
344 999 447 1029 rem
477 985 699 1030 Muelleri
736 1000 880 1043 opera
914 987 1130 1030 nondum
1161 987 1403 1041 absolvit)
1446 989 1606 1032 nescio
1645 1002 1707 1031 an

140 1059 336 1103 illorum
377 1060 498 1103 ratio
541 1059 767 1104 habenda
797 1062 867 1103 sit.
929 1060 1150 1104 Efficitur
1181 1064 1341 1104 autem
1371 1061 1446 1104 his
1478 1062 1708 1118 Aeschyli

133 1132 417 1188 catalogum
448 1133 616 1177 eodem
647 1147 676 1176 a
704 1133 833 1176 fonte
863 1134 1070 1190 pendere
1102 1147 1131 1176 a
1161 1148 1254 1190 quo
1282 1134 1515 1178 Herodoti
1545 1149 1706 1179 recen-

141 1219 222 1250 sus
257 1206 440 1260 haeret3
484 1220 542 1250 ex
584 1210 787 1263 utroque
829 1208 976 1263 igitur
1019 1208 1077 1251 de
1122 1209 1277 1264 specie
1321 1209 1547 1252 circuitus
1578 1209 1707 1252 illius

139 1280 314 1336 perditi
350 1279 617 1336 supplenda
658 1280 842 1337 aliquid
884 1294 1172 1336 cognoscere
1204 1295 1290 1325 nos
1327 1295 1467 1338 posse
1506 1283 1705 1326 videtur.

254 1352 416 1410 Usque
452 1354 503 1396 in
533 1354 810 1410 Aegyptum
838 1354 1111 1398 Herodotus
1145 1355 1443 1399 Hecataeum
1480 1357 1706 1412 sequitur,

138 1430 253 1470 tunc
276 1427 359 1470 alii
380 1427 492 1471 duci
513 1440 562 1470 se
584 1428 847 1471 committit.
899 1428 1092 1472 Indicas
1113 1432 1278 1484 gentes
1301 1429 1537 1485 quasdam
1559 1430 1706 1473 affert.

137 1499 261 1543 Tum
282 1499 418 1555 Susa,
451 1500 619 1553 Cissia,
647 1500 930 1557 Babylonia,
957 1502 1121 1545 Media
1142 1506 1419 1559 sequuntur.
1471 1503 1706 1546 Videmus

139 1573 316 1617 abhinc
348 1587 457 1617 eum
478 1577 523 1617 et
543 1588 653 1617 cum
683 1575 1074 1631 inscriptionibus
1107 1578 1152 1619 et
1182 1589 1293 1619 cum
1314 1577 1556 1633 Aeschylo
1589 1578 1706 1634 opti-

138 1660 216 1691 me
260 1648 538 1691 consentire.
611 1647 783 1691 Nonne
825 1649 928 1692 iure
964 1650 1110 1705 igitur
1152 1651 1455 1706 suspicamur
1490 1651 1602 1694 inde
1645 1652 1705 1694 ab

139 1721 231 1764 hoc
261 1721 367 1764 loco
399 1735 509 1764 eum
538 1721 719 1765 fontem
749 1722 991 1778 quendam
1022 1722 1271 1767 Persicum
1301 1725 1584 1781 exprimere,
1630 1726 1707 1768 cui

140 1808 253 1837 cuin
281 1794 673 1850 inscriptionibus
703 1795 798 1838 illis
829 1795 978 1839 Darei
1009 1796 1193 1853 aliquid
1222 1798 1590 1853 propinquitatis
1619 1799 1706 1840 sit?

138 1867 499 1911 Enumerantur
529 1868 753 1924 deinceps
783 1869 987 1912 Asiatici
1028 1870 1193 1926 populi
1225 1884 1322 1913 non
1360 1871 1526 1914 ordine
1562 1871 1705 1923 iust03

135 1941 223 1984 sed
264 1943 424 1997 partes
466 1941 725 1985 nonnullae
769 1943 869 1986 eius
914 1943 1309 1987 dinumerationis
1346 1945 1413 1987 ita
1448 1946 1706 1988 concinunt

136 2027 250 2057 cum
270 2014 474 2069 singulis
495 2016 712 2070 partibus
735 2016 943 2071 catalogi
964 2017 1224 2072 copiarum,
1257 2019 1308 2060 ut
1327 2018 1537 2073 priorem
1558 2032 1704 2074 quen-

136 2087 251 2130 dam
283 2088 558 2143 catalogum
588 2089 823 2132 exstitisse
855 2090 1166 2144 cogitandum
1188 2091 1248 2133 sit
1275 2093 1411 2135 cuius
1434 2105 1490 2135 ea
1510 2092 1705 2147 propria

134 2161 331 2215 fuerint,
372 2175 493 2217 quae
531 2162 653 2206 duae
690 2162 801 2205 iilae
840 2164 1115 2206 communia
1146 2162 1414 2207 habuerant
1445 2167 1489 2208 et
1519 2179 1577 2208 ex
1609 2179 1701 2221 qua

129 2234 244 2277 illae
277 2235 708 2291 quomodocunque
739 2237 833 2279 sint
864 2236 1166 2292 depravatae.
1218 2237 1386 2294 Neque
1417 2239 1545 2281 enim
1567 2239 1704 2282 aliter

131 2307 213 2351 ille
250 2309 461 2364 partium
499 2321 759 2352 consensus
798 2310 1029 2366 explicari
1059 2310 1156 2353 fere
1187 2314 1351 2367 potest.
1413 2311 1470 2354 In
1501 2315 1702 2368 utraque

130 2381 260 2424 enim
299 2381 463 2424 extant
498 2381 687 2425 Moschi
721 2382 944 2426 Tibareni
980 2383 1233 2427 Macrones
1264 2384 1567 2439 Mossynoeci
1596 2385 1701 2429 Ma-

131 2467 207 2498 res
237 2454 329 2498 hoc
362 2456 528 2498 ordine
560 2456 622 2499 ad
654 2458 892 2499 terrarum
923 2458 1067 2500 situm
1092 2471 1187 2500 non
1214 2471 1437 2514 expresso
1466 2458 1525 2511 (v.
1554 2458 1699 2503 Stein.

131 2527 196 2570 ad
226 2527 300 2571 HI
332 2531 397 2582 94,
431 2528 488 2582 5).
549 2529 620 2572 De
652 2529 844 2572 Parthis
877 2529 1172 2574 Chorasmiis
1205 2530 1377 2586 Sogdis
1414 2532 1464 2575 in
1496 2534 1700 2589 utraque

128 2600 197 2642 ita
227 2601 390 2644 relatis
420 2602 549 2645 idem
573 2602 830 2646 dicendum
852 2606 934 2657 est,
967 2604 1051 2647 sed
1075 2604 1232 2647 ordini
1260 2605 1581 2662 geographico
1604 2620 1697 2649 non

129 2676 420 2729 repugnant,
464 2676 552 2718 etsi
592 2689 688 2719 non
732 2676 873 2732 plane
916 2677 1086 2720 eodem
1121 2678 1265 2721 modo
1308 2679 1358 2721 in
1400 2679 1548 2722 titulis
1587 2680 1698 2723 affe—

93 2748 380 2800 .runtur.2⁶)
443 2748 599 2791 Multa
639 2752 887 2805 praeterea
928 2750 977 2793 in
1019 2751 1285 2795 minoribus
1327 2753 1544 2809 partibus
1588 2766 1698 2795 con-

127 2820 358 2874 sentiunt,
389 2834 508 2877 quas
537 2836 700 2866 omnes
730 2823 929 2878 longum
960 2826 1030 2867 est
1054 2824 1235 2868 afferre.
1288 2824 1450 2868 Unum
1471 2826 1695 2869 addatur:

126 2892 202 2935 III
238 2895 291 2936 93
322 2892 544 2949 legimus:
583 2887 673 2937 ἀπὸ
711 2893 756 2936 δὲ
789 2921 810 2925 -
843 2922 863 2925 —
896 2922 916 2925 -
946 2897 1030 2937 τῶν
1060 2895 1104 2937 ἐν
1134 2898 1232 2953 τῇσι
1265 2893 1440 2953 ινήσοισι
1473 2894 1696 2939 οἰκεόντων

126 2965 214 3004 τῶν
247 2962 291 3005 ἐν
320 2966 374 3021 τῇ
404 2964 564 3023 ἐρυθρῇ
594 2964 801 3024 θαλάσσῃ
834 2967 878 3009 ἐν
907 2969 1005 3025 τῇσι
1038 2966 1135 3020 τοῖς
1167 2963 1474 3020 ἀνασπάστους
1494 2970 1695 3024 καλεομέ-

129 3053 224 3087 νους
259 3036 494 3089 κατοικίζει
525 3038 732 3093 βασιλεύς
764 3076 983 3084 ......
1045 3043 1140 3087 VII
1174 3047 1244 3087 80:
1292 3041 1342 3085 rc}
1377 3043 1421 3085 δὲ
1459 3041 1694 3100 νησιωτικὰ

1467 3113 1486 3138 ο
