2127 3507
987 385 1037 389 —.
1099 364 1125 402 4
1186 381 1235 387 .-..

332 496 518 538 ceratus
550 492 621 533 sit.
675 486 982 532 Cinaethonis
1013 486 1254 540 postremo
1281 484 1458 526 mentio
1489 483 1554 537 fit,
1587 483 1671 540 qui
1700 482 1899 526 Medum

333 572 377 611 et
407 565 605 620 Eriopin
634 561 832 604 Medeae
862 558 988 602 filios
1020 556 1243 613 appellet:
1282 553 1423 609 πέρας
1453 554 1500 597 δὲ
1530 554 1572 605 ἐς
1601 552 1700 605 τοὺς
1729 555 1900 604 παῖδας

332 633 428 681 οὐδὲ
477 632 610 689 τούτῳ
652 629 929 687 πεποιημένα
973 627 1103 671 ἐστίν.
1162 629 1276 672 Non
1318 629 1514 673 affertur
1543 629 1786 673 Hesiodus
1818 630 1902 686 qui

333 713 502 765 (theog.
539 707 665 761 lOOO)
686 705 885 750 Medeae
906 704 1061 747 filium
1090 703 1238 746 fuisse
1270 703 1386 746 dicit
1406 703 1646 757 Medeum,
1678 716 1821 760 quem
1850 703 1900 746 in

331 784 573 828 montibus
606 780 785 824 Chiron
817 778 1113 821 erudit-isset.
1165 776 1333 832 Itaque
1363 778 1530 832 poetae
1560 776 1685 820 nihil
1716 777 1774 820 de
1805 778 1903 832 ety-

332 857 543 911 mologia
585 855 669 897 illa
706 852 919 895 attulisse
952 851 1200 914 =videntur⁷
1245 850 1331 894 sed
1360 849 1659 894 Hecataeum
1692 851 1906 907 primum

335 944 442 974 eam
471 928 724 985 protulisse
757 940 814 969 ex
846 925 920 968 his
952 924 1170 968 efficitur.
1215 922 1399 975 Quodsi
1429 923 1671 968 Pindarus
1700 925 1800 967 iam
1831 923 1903 967 Ol.

336 1008 401 1057 76,
434 1007 471 1057 3,
505 1002 676 1045 Persas
708 995 932 1053 ῙΙΙηὸειόις
976 997 1187 1054 appellat
1229 996 1384 1053 (Pyth.
1414 997 1451 1040 1.
1485 997 1579 1051 78),
1616 998 1718 1054 ipse
1747 997 1904 1041 Heca—

333 1082 494 1120 taeum
530 1075 720 1118 videtur
756 1073 942 1126 legisse.
977 1094 1027 1099 —
1060 1071 1167 1113 lam
1204 1084 1318 1114 vero
1349 1070 1621 1127 Aeschylus
1656 1072 1707 1114 in
1742 1070 1905 1115 Persis

334 1152 548 1195 Dareum
571 1162 628 1191 ex
650 1147 812 1190 inferis
835 1145 1107 1188 redivivum
1128 1145 1252 1187 inter
1283 1144 1379 1187 alia
1407 1145 1592 1201 priores
1622 1157 1760 1200 reges
1791 1144 1905 1188 Per-

335 1236 499 1267 sarum
530 1222 888 1265 enumerantem
917 1219 1043 1261 facit.
1097 1216 1314 1269 Quorum
1336 1232 1447 1261 cum
1475 1218 1688 1274 primum
1707 1217 1907 1261 Medum

334 1298 480 1341 fuisse
513 1295 641 1339 dicat
673 1293 806 1346 (756),
840 1291 1246 1335 verisimillimum
1275 1291 1479 1345 videtur,
1510 1291 1630 1335 haec
1663 1305 1722 1335 ex
1750 1291 1908 1335 Heca-

335 1375 440 1414 taeo
493 1370 682 1424 sumpta
730 1379 843 1409 esse.
934 1365 1185 1408 Athenaeo
1233 1367 1351 1408 teste
1395 1364 1461 1414 (X
1490 1367 1574 1408 480
1605 1364 1680 1419 C.‚
1723 1368 1805 1408 447
1839 1363 1909 1416 G.)

334 1444 604 1487 Hecataeus
634 1441 817 1497 primus
849 1440 1066 1482 narravit
1092 1439 1355 1495 Aegyptios
1386 1437 1712 1482 hordeaceum
1739 1439 1910 1482 vinum

334 1518 509 1561 bibere.
562 1514 831 1569 Aeschylus
864 1516 1025 1556 autem
1055 1526 1164 1556 cum
1195 1514 1246 1555 in
1268 1512 1576 1569 Supplicibus
1607 1525 1658 1556 se
1687 1512 1740 1556 id
1768 1525 1910 1556 nosse

339 1589 576 1645 significet
603 1588 679 1631 his
712 1587 870 1631 verbis
902 1587 1044 1640 (919'):

599 1676 692 1724 ἀλλ’
729 1678 907 1736 ἄρσενάς
937 1698 1005 1723 τοι
1038 1683 1161 1737 τῆςδε
1191 1682 1266 1738 γῆς
1296 1677 1535 1738 οἰκήτορας,

598 1750 784 1811 εἷ’ρῆσεῐ)
819 1749 867 1798 οὗ
898 1753 1105 1805 πίνοντας
1136 1754 1182 1796 ἐκ
1213 1757 1380 1809 κριθῶν
1410 1754 1538 1810 μέθυ,

340 1869 458 1913 quos
490 1869 571 1898 rex
604 1854 836 1910 Pelasgus
861 1854 1213 1909 Aegyptiorum
1242 1853 1470 1910 praeconi
1501 1853 1628 1907 dicit,
1662 1854 1722 1897 ab
1753 1852 1910 1897 Heca-

338 1933 444 1973 taeo
493 1929 667 1972 iterum
715 1928 923 1984 pendere
968 1928 1170 1971 videtur.
1244 1926 1518 1970 Herodotus
1564 1929 1725 1970 autem
1763 1927 1815 1971 H
1857 1930 1910 1970 77

341 2003 569 2046 Hecataei
611 2002 760 2045 verba
803 2002 1076 2045 accuratius
1121 2001 1366 2057 expressit.
1387 2001 1418 2054 ⁴)
1478 2000 1736 2044 Praeterea
1766 2001 1913 2044 tradit

340 2077 419 2120 ille
462 2076 536 2129 (fr.
587 2076 685 2128 133)
736 2075 950 2118 Paeones
1001 2074 1258 2118 Thraciam
1304 2074 1567 2119 incolentes
1616 2075 1770 2128 βρῦτον
1819 2070 1911 2115 ἀπὸ

347 2150 425 2189 ι’ὦν
466 2149 635 2202 κριθῶν
678 2147 753 2188 καὶ
785 2145 1010 2204 παραβίην
1054 2141 1146 2189 ἀπὸ
1190 2146 1363 2202 κέγχροι·
1405 2148 1596 2192 bibisse.
1658 2147 1762 2200 QUO
1803 2148 1910 2192 1000

343 2223 657 2275 Hellanicus-³)
680 2235 795 2265 usus
817 2223 1008 2266 videtur
1029 2236 1144 2276 esse,
1168 2223 1251 2279 qui
1270 2222 1477 2266 Thraces
1500 2222 1657 2276 βρῑτον
1678 2218 1725 2263 ἐν.
1744 2222 1913 2276 κριθῶν

345 2296 560 2339 hausisse
590 2298 800 2339 test-atur.
853 2296 1125 2352 Aeschylus
1149 2297 1297 2352 igitur
1326 2310 1386 2339 ex
1412 2295 1655 2339 Hecataeo
1688 2296 1912 2340 didicisse

344 2371 509 2424 potest,
541 2382 662 2424 quae
692 2370 743 2412 in
774 2369 998 2425 Lycurgo
1032 2370 1239 2425 satJTico
1272 2370 1526 2426 expromit:

604 2446 686 2493 κάκ
718 2446 839 2494 τῶνδ’
875 2451 1023 2503 ἔπινες
1052 2455 1205 2508 βρῦτον
1236 2451 1471 2506 ἷσχναίνων
1501 2449 1634 2509 χρόνῳ

609 2525 681 2566 καὶ
712 2527 741 2579 ἦ·
773 2524 1057 2579 σεμνοκόπῖει
1092 2520 1208 2570 ϊοῖτ)
1243 2526 1286 2569 ἐν
1317 2520 1491 2584 ἀνδρείᾳ
1524 2526 1709 2584 exemp&

495 2615 747 2671 Lycurgus
795 2618 1015 2662 Edonum
1064 2619 1306 2663 Thracum
1346 2633 1432 2662 rex
1476 2621 1594 2673 erat,
1642 2618 1915 2662 Hecataeus

350 2689 435 2731 illa
467 2689 524 2731 de
555 2689 823 2733 Paeonibus
855 2691 1120 2736 Thracibus
1152 2693 1436 2747 tradiderat,
1468 2706 1527 2736 ex
1558 2706 1655 2749 qua
1683 2706 1736 2736 re
1768 2693 1915 2736 conii-

350 2776 457 2805 cere
493 2762 651 2817 liceat,
695 2763 989 2819 Aeschylum
1026 2767 1308 2823 priusquam
1343 2766 1560 2810 fabulam
1596 2769 1914 2822 componeret,

352 2848 445 2877 non
478 2835 634 2877 solum
671 2836 728 2879 de
772 2841 1052 2889 argumento
1097 2853 1219 2895 quae
1256 2840 1438 2896 scripta¹
1470 2840 1700 2883 extabant
1727 2839 1915 2895 legisse,

352 2908 436 2952 sed
468 2909 610 2951 etiam
643 2909 699 2952 de
730 2912 968 2953 terrarum
1008 2915 1051 2955 et
1082 2912 1332 2957 hominum
1362 2916 1554 2967 natura,
1587 2926 1707 2970 quos
1740 2914 1916 2958 descri-

355 2981 535 3024 bendos
568 2982 658 3025 sibi
678 2988 1002 3038 proposuerat
1034 2985 1332 3030 Hecataeum
1363 2987 1647 3037 consuluise,
1679 3001 1790 3030 cum
1818 3000 1915 3030 non
