2101 3492
838 397 891 402 -..
953 378 976 417 9
1044 397 1088 402 .-

180 501 269 555 (IV
303 502 399 552 110)
443 500 501 543 (10
536 500 704 542 itinere
740 498 1045 541 Amazonum
1087 497 1247 549 tra-dit,
1292 494 1557 538 admodum
1598 492 1748 535 refra-

181 577 357 631 gantur
376 573 643 616 narrationi
664 571 974 628 Aeschyleae,
1003 584 1118 614 nam
1137 569 1218 613 hic
1250 568 1397 612 tradit
1418 565 1751 611 Amazonibus

181 647 432 691 meridiem
452 658 622 689 versus
644 645 1005 701 procedendum
1033 643 1195 697 fuisse,
1226 640 1501 685 Herodotus
1533 641 1694 682 autem
1717 650 1746 680 a

180 720 531 765 Thcrmodonte
563 719 935 775 septentrionem
957 729 1137 761 versus.
1190 714 1296 768 Qua
1315 727 1367 758 re
1394 713 1553 770 opinio
1582 712 1750 755 nostra

181 795 318 838 irrita
347 807 443 836 non
473 792 539 836 fit.
589 791 760 848 Neque
791 792 918 834 enim
948 791 1158 847 priorem
1180 788 1423 845 quendam
1453 787 1504 830 in
1533 785 1609 829 his
1634 785 1751 829 scri-

180 870 367 924 ptorem
396 865 671 909 Herodotus
703 865 943 920 exprimit,
989 876 1098 907 cum
1129 865 1228 905 tam
1259 862 1480 917 copiosus
1513 860 1574 902 sit
1604 858 1662 902 de
1694 871 1750 901 ea

181 955 246 994 re,
277 942 330 983 ut
358 940 601 983 neminem
632 940 773 982 antea
794 937 965 981 eadem
994 948 1219 979 narrasse
1242 934 1468 988 colligere
1495 931 1751 989 possimus,

182 1014 276 1057 nisi
305 1013 424 1056 forte
457 1012 612 1056 credis
645 1025 673 1055 a
704 1024 753 1054 se
783 1012 942 1067 ipsum
972 1009 1071 1054 illic
1095 1009 1366 1052 descivisse.
1417 1005 1535 1050 Veri
1567 1004 1753 1049 similli-

181 1100 317 1130 mum
347 1088 417 1129 est
446 1087 562 1129 istas
594 1085 893 1128 narrationes
925 1096 1035 1127 eum
1075 1096 1103 1125 a
1136 1081 1334 1126 Graecis
1365 1080 1577 1123 Ponticis
1617 1077 1752 1121 audi-

183 1161 309 1204 visse
359 1159 642 1215 schedisque
693 1159 791 1201 suis
842 1157 1149 1201 commisisse.
1230 1155 1386 1198 Immo
1438 1153 1591 1197 elucet
1643 1154 1752 1195 ante

183 1233 482 1277 Herodotum
514 1232 660 1276 aliam
702 1231 761 1275 de
791 1231 1122 1282 Amazonibus
1166 1229 1471 1272 traditionem
1502 1226 1752 1280 vulgatam

183 1307 342 1361 fuisse,
366 1320 509 1359 quam
538 1305 618 1348 ille
646 1305 931 1361 impugnare
953 1307 998 1346 et
1020 1302 1211 1346 abolere
1232 1302 1433 1345 videtur.
1481 1299 1571 1343 Cui
1592 1301 1754 1342 autem

187 1381 458 1433 obloquitur
498 1379 738 1433 libentius,
782 1391 926 1430 quam
966 1376 1236 1420 Hecataeo?
1298 1374 1455 1426 Quare
1498 1373 1609 1416 hinc
1644 1385 1755 1425 quo-

187 1468 275 1507 que
308 1467 455 1497 causa
493 1456 656 1496 nostra
699 1452 1022 1495 confirmatur.
1088 1450 1211 1492 Ante
1242 1448 1546 1491 Herodotum
1588 1459 1645 1489 ea
1685 1446 1756 1488 fa-

187 1528 328 1571 bulae
350 1527 506 1570 versio
538 1526 801 1582 plurimum
824 1525 1027 1578 valebat,
1051 1537 1194 1576 quam
1215 1521 1501 1574 Hecataeus,
1527 1521 1579 1563 ni
1599 1519 1756 1571 fallor,

188 1615 248 1645 ex
278 1601 544 1643 Amazonia
573 1599 651 1642 vel
679 1597 910 1641 Theseide
942 1598 1154 1641 carmine
1186 1596 1319 1652 epico
1362 1596 1608 1637 mutuatus
1641 1605 1756 1635 suae

188 1674 364 1717 rationi
406 1672 866 1716 accommodaverat.
932 1670 1151 1713 Eandem
1195 1669 1523 1712 narrationem
1565 1668 1757 1709 secutus

190 1750 260 1791 est
280 1746 563 1802 Aeschylus,
587 1746 670 1802 qui
700 1759 811 1788 cum
840 1756 1203 1795 nonnumquam
1235 1755 1345 1785 cum
1375 1740 1647 1783 Amazonia
1676 1738 1762 1781 illa

192 1821 469 1873 consentiat,
500 1819 606 1862 fieri
636 1821 789 1875 potest
832 1820 883 1860 ut
924 1831 1021 1860 non
1064 1818 1223 1873 ipsum
1265 1828 1460 1858 carmen
1504 1813 1589 1856 sed
1627 1812 1761 1866 logo-

192 1893 365 1950 graphi
397 1894 498 1936 eius
531 1894 756 1948 excerpta
786 1892 1084 1947 exprimeret.
1131 1890 1226 1934 Sed
1256 1889 1377 1932 haec
1408 1900 1582 1944 parum
1615 1888 1756 1929 certa.

192 1966 332 2019 Quod
364 1968 404 2010 si
435 1980 602 2010 verum
632 1966 709 2009 vel
739 1966 841 2008 veri
884 1967 1009 2008 certe
1052 1964 1207 2007 simile
1239 1976 1341 2006 esse
1380 1962 1575 2004 fatearis
1605 1959 1762 2003 Heca—

191 2043 354 2084 taeum
382 2041 506 2083 inter
535 2039 780 2082 fabulares
810 2038 957 2081 fuisse
978 2036 1220 2092 Aeschylo
1249 2037 1481 2087 auctores,
1514 2047 1568 2076 eo
1601 2033 1762 2075 minus

193 2114 394 2169 negabis
444 2113 651 2156 eundem
694 2114 887 2168 propter
928 2111 1195 2167 periegesin
1240 2108 1511 2152 consultum
1554 2119 1657 2150 esse
1702 2106 1764 2148 ab

194 2186 448 2242 Aeschylo.
509 2185 567 2228 In
599 2199 688 2237 quo
720 2198 894 2240 genere
926 2187 996 2227 est
1025 2184 1104 2226 ille
1137 2183 1195 2226 de
1226 2182 1486 2238 provinciis
1518 2180 1667 2233 locus,
1700 2179 1763 2221 ad

198 2274 338 2313 quem
367 2260 514 2314 longa
545 2259 629 2302 sed
648 2258 921 2302 necessaria
944 2258 1199 2311 ambagine
1230 2256 1437 2299 redeam.
1492 2253 1587 2297 Sed
1607 2253 1764 2308 prius-

198 2347 341 2386 quam
363 2332 658 2376 Graecorum
679 2334 991 2374 monumenta
1013 2330 1326 2381 conferamus,
1342 2340 1431 2382 age
1452 2326 1766 2382 inspiciamus

198 2405 520 2451 barbarorum
551 2405 711 2457 qualia
752 2404 993 2460 insculpta
1023 2404 1243 2446 videmus
1288 2402 1348 2444 ab
1391 2401 1495 2457 ipso
1525 2399 1686 2443 Dareo
1717 2400 1767 2441 in

199 2482 360 2523 monte
402 2479 663 2523 Behistano
707 2478 765 2521 de
807 2477 1067 2533 provinciis
1118 2476 1255 2530 regni
1297 2475 1568 2518 Persarum.
1638 2471 1767 2516 Hinc

203 2554 331 2597 enim
361 2553 526 2597 dubito
559 2565 621 2595 an
651 2551 835 2595 fructus
868 2551 1013 2603 aliqui
1049 2549 1162 2593 huic
1206 2549 1275 2592 rei
1317 2549 1378 2591 sit
1416 2545 1767 2604 percipiendus

205 2626 318 2670 Tres
347 2626 680 2682 inscriptiones
719 2626 934 2680 repertae
966 2625 1077 2666 sunt
1108 2635 1311 2675 quarum
1342 2620 1597 2677 explicatio
1624 2619 1770 2662 Raw-

202 2699 408 2742 linsonio
438 2698 702 2742 Burnoufio
734 2697 965 2740 Lassenio
1008 2695 1114 2738 aliis
1153 2695 1356 2739 debetur
1397 2694 1457 2737 de
1500 2693 1769 2747 quibusque

204 2785 360 2829 pauca
391 2773 431 2816 31
460 2772 649 2815 videtur
679 2784 806 2814 nunc
838 2771 1211 2825 exponentur.¹4)
1245 2767 1319 2820 (cf.
1350 2766 1465 2819 tab.)

319 2844 484 2889 Prima
519 2845 707 2889 Dareus
748 2843 1022 2900 provincias
1066 2843 1158 2886 sibi
1200 2842 1425 2885 subactas
1466 2839 1561 2883 hoc
1603 2838 1771 2882 ordine

209 2920 481 2964 dinumerat
510 2919 553 2967 (l.
584 2933 621 2962 c.
653 2932 696 2975 p.
730 2919 790 2971 5):
855 2917 1090 2971 Persiam,
1134 2916 1410 2970 Susianam,
1459 2914 1771 2971 Babylonem,

208 2993 473 3047 Assyriam,
504 2992 751 3045 Arabiam,
783 2991 1071 3046 Aegyptum,
1115 3003 1195 3033 eos
1237 2990 1315 3042 qui
1356 3002 1490 3032 mare
1532 2987 1767 3035 accolunt,
