2101 3492
811 408 1092 447 —15—

172 529 338 586 spexit,
369 540 489 584 quas
520 541 631 570 cum
651 527 692 570 B
713 531 759 571 et
779 526 819 571 P
840 528 900 571 de
927 527 1095 571 ordine
1125 528 1423 571 consensisse
1455 529 1557 571 veri
1586 528 1735 572 simil-

171 602 340 646 limum
367 603 448 644 est.
499 599 770 644 Noldekius
792 614 981 658 quoque
1012 601 1128 644 talia
1158 602 1409 657 significat,
1442 602 1531 645 etsi
1561 601 1621 645 ab
1643 600 1734 645 hac

172 675 405 718 sententia
435 672 673 717 abhorret.
686 674 735 726 22)
791 673 1062 718 Hecataeus
1094 678 1252 718 autem
1283 678 1445 718 utrum
1475 674 1734 718 Persarum

169 747 491 791 monumentis
530 744 920 791 an'Graecorum
958 748 1017 791 de
1055 749 1122 791 eis
1158 748 1497 792 traditionibus
1530 762 1643 791 usus
1675 750 1735 792 sit

169 820 290 864 nihil
321 820 384 864 ad
414 834 517 863 rem
547 821 761 877 pertinet.
821 820 897 863 Ex
927 821 1142 877 reliquiis
1174 822 1339 877 paucis
1370 821 1733 878 lexicographo-

169 908 278 937 rum
307 907 436 936 nunc
468 907 656 950 quoque
688 893 962 947 intellegere
992 907 1248 950 possumus
1279 895 1329 936 in
1352 896 1552 938 circuitu
1579 897 1735 938 terrae

170 967 228 1010 'de
258 966 334 1010 his
365 967 508 1010 rebus
540 967 600 1009 ab
631 966 873 1010 Hecataeo
905 968 1055 1010 verba
1084 967 1212 1011 facta
1243 980 1356 1010 esse.

282 1040 387 1083 Iam
416 1053 530 1083 vero
562 1039 836 1083 Herodotus
875 1054 1063 1096 quoque
1097 1041 1332 1084 eiusmodi
1362 1041 1546 1085 indices
1576 1041 1733 1096 habet,

170 1114 374 1157 alterum
402 1114 454 1156 in
484 1114 621 1156 tertio
658 1113 801 1165 libro,
844 1127 937 1170 quo
970 1114 1074 1157 loco
1108 1114 1363 1169 vectigalia
1393 1115 1595 1170 singulis
1625 1128 1733 1172 pro-

169 1187 339 1230 vinciis
389 1186 637 1242 imposita,
689 1186 892 1230 alterum
941 1187 1026 1231 ubi
1075 1188 1237 1243 copias
1279 1187 1456 1231 Xerxis
1505 1191 1731 1232 recenset.

168 1259 468 1303 Herodotum
505 1262 603 1302 tam
641 1259 794 1303 multa
830 1261 1104 1304 communia
1140 1260 1317 1304 habere
1350 1274 1460 1304 cum
1489 1261 1731 1306 Hecataeo

167 1333 378 1376 Dielsius
407 1333 452 1385 (l.
477 1333 537 1386 6.)
569 1333 731 1376 docuit
760 1336 813 1375 ut
843 1333 900 1376 de
930 1333 1172 1377 Hecataeo
1205 1338 1399 1390 agentes
1429 1335 1567 1378 illum
1596 1349 1732 1392 prae—

168 1407 309 1449 terire
350 1420 446 1449 non
488 1407 739 1462 possimus
800 1407 996 1450 Initium
1038 1408 1268 1450 faciemus
1308 1421 1337 1450 a
1379 1409 1626 1464 copiarum
1661 1423 1731 1452 re-

171 1493 315 1523 censu
347 1479 459 1532 (VH
493 1482 543 1521 61
572 1479 692 1536 sqq.)
725 1493 844 1535 quas
872 1494 968 1522 non
1000 1483 1223 1524 accurate
1254 1481 1314 1524 ad
1347 1484 1585 1525 terrarum
1616 1483 1733 1525 situs

169 1554 457 1609 perscriptas
480 1566 581 1596 esse
604 1567 698 1595 non
720 1554 1017 1607 mirabimur,
1041 1567 1152 1596 cum
1178 1555 1229 1597 in
1251 1555 1441 1608 agmine
1464 1555 1732 1599 ordinando

170 1627 287 1668 situs
328 1629 567 1668 terrarum
607 1626 786 1669 nullius
822 1628 1052 1669 momenti
1089 1627 1160 1670 sit.
1222 1627 1293 1670 Eo
1331 1627 1481 1683 pluris
1512 1628 1734 1672 facienda

171 1701 281 1741 sunt
311 1712 622 1755 quaecunque
653 1713 712 1742 ex
740 1699 823 1742 1110
856 1699 1022 1742 ordine
1053 1700 1104 1742 in
1132 1701 1233 1743 acie
1256 1700 1515 1743 Persarum
1542 1715 1731 1745 conser-

171 1774 284 1814 vata
325 1784 426 1814 esse
471 1771 707 1814 videmus:
750 1771 970 1815 Primum
1006 1772 1167 1816 locum
1208 1775 1368 1816 tenent
1398 1772 1573 1816 Persae
1602 1774 1735 1817 Medi

172 1844 314 1888 Cissii
345 1845 467 1888 sicut
486 1848 536 1888 in
555 1846 945 1901 inscriptionibus
967 1848 1012 1889 et
1039 1846 1168 1902 apud
1187 1846 1496 1901 Aeschylum.
1548 1847 1733 1890 Deinde

172 1918 414 1961 orientalis
435 1919 584 1973 partis
606 1918 791 1961 incolae
818 1919 951 1974 prius
975 1919 1239 1962 afferuntur
1262 1920 1315 1972 (c.
1341 1922 1539 1973 61—70),
1570 1923 1733 1976 postea

172 1991 480 2035 occidentalis
524 1991 565 2044 (7
573 1994 745 2045 1-79)‚
788 1997 1028 2047 postremo
1072 1993 1176 2035 loco
1219 1988 1274 2033 τὰ
1318 1984 1557 2048 νησιωτὶκιέ
1607 1993 1735 2034 ἔθνεα

169 2061 223 2104 τά
255 2061 303 2104 ἐκ
334 2064 407 2119 τῆς
443 2060 628 2118 {postor}
656 2060 890 2120 θαλάσσης
923 2060 1111 2117 ἑπόμενα
1145 2066 1197 2118 (c.
1233 2066 1314 2118 80).
1377 2066 1432 2109 In
1462 2066 1554 2110 hoe
1584 2066 1736 2110 Hero-

172 2138 311 2181 dotus
344 2151 453 2180 cum
483 2139 746 2181 novissima
776 2140 1083 2195 inscriptione
1113 2139 1236 2182 NRa
1268 2141 1514 2192 consentit,
1547 2154 1657 2183 611111
1687 2141 1735 2183 in

170 2211 410 2267 prioribus
454 2212 514 2254 ab
558 2212 801 2255 occidente
839 2212 937 2255 sole
974 2212 1163 2255 initium
1199 2212 1294 2255 fiat.
1355 2213 1489 2255 Jntra
1520 2214 1734 2268 singulas

171 2286 329 2339 partes
360 2286 598 2327 terrarum
630 2285 746 2327 ordo
778 2298 874 2327 non
906 2298 1092 2341 semper
1124 2288 1341 2329 servatus
1374 2289 1455 2339 est,
1488 2288 1735 2341 praeterea

171 2357 324 2400 multa
364 2358 578 2413 gentium
620 2359 818 2400 nomina
858 2358 1164 2414 proferuntur
1215 2372 1421 2414 quarum
1473 2360 1608 2402 sedes
1653 2361 1737 2403 ubi

171 2429 348 2473 fuerint
375 2431 517 2487 plane
548 2432 806 2484 ignoretur,
838 2432 905 2474 ita
935 2436 987 2473 ut
1008 2431 1125 2474 haec
1154 2445 1229 2475 res
1252 2433 1523 2475 accuratius
1546 2434 1735 2489 anquiri

173 2516 268 2545 non
310 2505 470 2560 possit.
533 2502 715 2555 Quodsi
757 2517 843 2547 nos
882 2504 944 2546 ad
975 2505 1295 2560 sati-apiarum
1329 2507 1734 2549 enumerationem

176 2577 514 2630 convertimus,
556 2578 711 2633 primo
756 2577 948 2633 quidem
986 2580 1178 2633 aspectu
1213 2578 1270 2620 de
1303 2578 1469 2622 ordine
1498 2581 1735 2622 terrarum

177 2660 291 2691 sano
323 2649 696 2706 desperabimus.
756 2649 974 2692 Primum
1005 2651 1151 2693 Asiae
1184 2652 1416 2694 citerioris
1446 2654 1734 2708 provinciae,

178 2720 328 2775 Syria,
373 2722 640 2778 Aegyptus,
684 2722 856 2779 Libya,
901 2722 1084 2778 Cyrene
1129 2724 1352 2780 deinceps
1397 2729 1735 2769 enumerantur

177 2792 268 2845 (ΙΙΙ
289 2796 342 2837 90
364 2795 466 2851 sq),
497 2798 599 2839 tum
620 2796 815 2839 Indicae
843 2796 1080 2852 quaedam
1108 2798 1323 2840 nationes
1350 2799 1613 2841 succedunt
1634 2802 1735 2852 (91),

178 2868 284 2921 post
304 2866 496 2910 demum
519 2868 643 2913 Susa
668 2872 943 2925 sequuntur,
969 2883 1056 2912 nec
1079 2871 1336 2926 quicquam
1366 2872 1413 2914 in
1445 2871 1537 2915 hoc
1569 2872 1734 2914 ordine

178 2939 375 2982 rationis
405 2940 682 2995 investigari
712 2945 875 2997 potest.
926 2941 1100 2984 Tamen
1130 2945 1399 2986 accuratius
1432 2945 1731 2999 inspicientes

180 3012 313 3053 filum
352 3013 646 3055 Ariadneum
692 3015 972 3057 videbimus.
1038 3015 1224 3058 Primae
1269 3019 1504 3072 satrapiae
1549 3019 1607 3059 ab
1652 3031 1730 3059 ora
