2101 3481
1031 374 1307 414 ,13-

392 502 520 543 <fovea
553 498 604 541 τὰ
635 499 681 540 ἐκ
713 500 783 555 τῆς
813 495 995 552 {cismig-
1028 491 1257 550 θαλάσσης
1287 490 1497 548 ἑπόμενα,
1536 491 1674 551 νήσων
1705 494 1751 536 δέ
1781 493 1824 536 ἐν
1853 495 1951 551 τῇσι

393 574 485 625 τοὺς
516 569 820 619 ἀιάοῖῑόσῐους
845 567 1124 622 καλεομένους
1144 565 1380 619 κατοικίζει
1400 567 1613 622 βασιλεύς.
1667 568 1760 622 Qui
1780 569 1951 613 verbo-

395 664 500 694 rum
533 648 787 692 concentus
825 645 938 687 satis
976 643 1255 699 comprobat
1286 642 1454 686 eodem
1485 656 1544 685 ex
1573 643 1703 686 fonte
1734 643 1951 686 tabulam

390 726 639 777 utramque
675 719 897 762 haustam
936 730 1037 760 esse
1074 729 1164 759 nec
1203 716 1403 759 dubium
1433 716 1589 759 videri
1617 718 1791 772 potest,
1836 717 1951 772 quin

392 796 475 839 illa
505 794 652 837 verba
683 792 946 835 debeantur
975 791 1067 846 ipsi
1096 788 1332 832 Herodoti
1362 790 1560 833 auctori.
1620 788 1773 841 Quem
1804 788 1953 833 Grae-

394 882 503 912 cum
538 867 683 910 fuisse
720 865 963 908 hominem
1000 876 1139 906 nemo
1171 863 1332 906 nescit.
1393 862 1547 906 Multo
1578 864 1813 907 maiorem
1843 877 1954 906 eum

390 941 633 986 Herodoto
663 939 809 982 fuisse
841 939 991 980 aetate
1023 951 1081 980 ex
1112 949 1166 979 eo
1199 936 1362 992 coHigi
1385 938 1550 993 potest,
1583 937 1713 993 quod
1744 928 1951 977 ἀνασπά-

391 1030 514 1061 στους
544 1010 879 1064 καλεομένοιχς
910 1010 1025 1054 dicii]
1053 1009 1328 1053 Herodotus
1361 1010 1534 1066 quibus
1567 1010 1673 1054 aliiS
1704 1010 1822 1054 lOCiS
1845 1002 1952 1051 ἂνα-

392 1083 613 1136 σπάσῑους
655 1085 884 1142 appellat,
937 1084 982 1126 V
1013 1086 1107 1138 204,
1159 1083 1204 1126 V
1239 1087 1302 1138 12,
1339 1087 1430 1137 106,
1475 1083 1546 1127 VI
1578 1086 1616 1138 9,
1654 1087 1721 1138 20,
1760 1086 1825 1135 32,
1861 1087 1954 1138 119,

391 1158 668 1213 καλεομένους
699 1172 885 1215 semper
916 1158 1098 1201 omittit.
1150 1157 1251 1214 Ipsi
1272 1171 1366 1200 vox
1392 1157 1477 1200 illa
1496 1158 1595 1200 iam
1624 1158 1802 1201 usitata
1823 1157 1955 1201 vide-

393 1236 546 1288 batur,
567 1234 638 1277 illi
659 1232 949 1285 insolentior,
972 1232 1132 1287 itaque
1155 1232 1294 1287 quasi
1315 1231 1603 1274 excusanda.
1656 1231 1953 1275 Hecataeum

393 1309 520 1352 hunc
553 1310 794 1350 auctorem
816 1319 917 1349 esse
940 1306 1222 1361 suspicarer,
1254 1305 1536 1360 praesertim
1559 1318 1669 1348 cum
1691 1296 1796 1345 ἇνα-
1816 1318 1954 1361 prae-

391 1382 561 1438 positio
593 1380 757 1423 Ionem
788 1380 945 1422 virum
975 1378 1059 1421 illa
1091 1378 1338 1434 scripsisse
1370 1377 1606 1433 significet
1637 1378 1709 1425 (cf.
1734 1377 1866 1423 Stein
1893 1378 1957 1421 ad

392 1455 502 1499 Her.
526 1454 598 1497 111
621 1455 689 1499 93»
722 1456 765 1496 et
791 1453 884 1495 illis
911 1453 1121 1495 maxime
1147 1452 1265 1495 locis
1290 1451 1374 1494 illa
1395 1465 1488 1494 vox
1522 1451 1749 1495 afferatur
1780 1452 1955 1508 quibus

392 1528 693 1584 potissimum
714 1526 943 1570 Hecataei
975 1526 1176 1580 vestigia
1196 1525 1406 1568 vidimus
1428 1538 1657 1581 expressa
1687 1525 1958 1582 quibusque

393 1602 473 1645 ille
504 1602 603 1657 ipse
636 1602 695 1644 ab
726 1600 970 1644 Herodoto
1004 1599 1272 1651 affe1·tur.'2⁷)
1334 1599 1430 1644 Sed
1460 1600 1592 1655 prior
1621 1613 1734 1656 pars
1764 1613 1958 1643 enume-

395 1676 591 1718 rationis
612 1674 925 1727 Herodoteae‚
958 1687 1053 1730 qua
1074 1674 1219 1716 Asiae
1242 1674 1474 1716 citerioris
1495 1674 1774 1730 provinciae
1793 1687 1957 1717 recen-

397 1751 575 1801 sentur,
618 1748 760 1790 nimis
804 1750 1014 1791 correcto
1054 1750 1099 1790 et
1136 1749 1360 1791 accurato
1392 1747 1646 1801 regionum
1677 1746 1844 1790 ordine
1876 1747 1961 1791 ab-

396 1823 557 1865 horret
589 1835 615 1864 a
648 1821 870 1864 solutiore
904 1821 1196 1877 insequentis
1238 1821 1388 1876 partis
1424 1820 1640 1873 laxitate,
1684 1822 1737 1862 ut
1781 1834 1960 1877 nequa-

399 1909 542 1951 quam
584 1909 678 1937 uno
723 1895 779 1938 de
821 1895 947 1938 fonte
983 1895 1133 1951 possit
1167 1896 1370 1950 utraque
1405 1893 1611 1937 oriunda
1641 1907 1756 1937 0330.
1816 1893 1959 1937 Illam

401 1972 559 2012 autem
594 1969 834 2012 Hecataeo
878 1968 1222 2023 assignandam
1265 1968 1519 2012 credimus.
1582 1966 1689 2010 Uno
1733 1967 1791 2010 de
1833 1968 1963 2011 fonte

401 2045 525 2087 certe
554 2042 827 2086 Herodotus
858 2042 1179 2098 qualicunque
1216 2042 1539 2098 satrapiarum
1571 2041 1779 2096 catalogi
1808 2043 1964 2098 poste-

400 2118 575 2160 riorem
604 2119 788 2173 partem
819 2120 864 2159 et
882 2119 1035 2159 totum
1057 2117 1306 2172 copiarum
1328 2128 1580 2159 recensum
1602 2115 1775 2158 hausit.
1826 2115 1964 2159 Diffi-

403 2190 633 2233 cillimum
676 2192 835 2233 autem
877 2192 947 2233 est
988 2190 1114 2233 unde
1159 2189 1459 2233 conturbatio
1502 2188 1738 2242 locorum,
1783 2189 1966 2232 ordinis

403 2264 487 2306 illa
520 2264 677 2319 utique
709 2264 848 2306 ruina
879 2264 938 2306 sit
969 2266 1131 2307 coorta
1163 2264 1452 2317 discernere,
1496 2276 1606 2306 cum
1651 2262 1851 2306 dubium
1892 2263 1964 2316 sit,

406 2340 565 2378 utrum
594 2336 865 2380 Herodotus
904 2351 959 2380 ea
991 2337 1271 2380 disturbarit
1308 2350 1367 2379 an
1400 2337 1440 2379 is
1473 2350 1532 2379 ex
1564 2349 1657 2392 quo
1689 2335 1965 2379 Herodotus

407 2422 493 2451 sua
516 2409 838 2465 desumpserit.
889 2410 1054 2453 Totam
1083 2411 1195 2454 libri
1226 2411 1351 2453 tertii
1382 2410 1793 2453 enumerat-ionem
1813 2408 1965 2453 Hero-

409 2483 573 2525 dotum
602 2497 697 2525 non
728 2498 783 2525 ex
818 2497 909 2526 uno
940 2484 1067 2527 fonte
1099 2483 1292 2527 haurire
1330 2483 1540 2540 potuisse
1571 2482 1657 2526 sed
1687 2495 1746 2526 ex
1778 2482 1967 2526 duobus

410 2556 755 2598 contaminasse
798 2557 1017 2600 vidimus.
1081 2555 1187 2609 Qua
1229 2558 1286 2601 de
1325 2570 1473 2600 causa.
1501 2556 1801 2600 Hecataeum
1832 2555 1967 2599 adhi-

409 2629 565 2672 buerit
595 2642 688 2671 non
731 2630 894 2685 liquet,
938 2631 1022 2674 sed
1061 2631 1246 2674 homini
1281 2632 1332 2674 in
1361 2631 1506 2675 Jonia
1537 2631 1749 2674 maxime
1780 2632 1892 2673 noto
1923 2631 1970 2673 et

415 2702 667 2757 plurimam
689 2704 812 2745 vitae
833 2707 1016 2759 partem
1037 2705 1103 2748 ibi
1124 2707 1312 2748 versato
1333 2705 1442 2761 plus
1465 2704 1676 2748 confisus
1698 2717 1800 2747 esse
1823 2716 1970 2760 quam

414 2776 492 2817 alii
531 2776 752 2830 cuiquam
790 2777 1028 2831 putandus
1067 2781 1147 2821 est.
1209 2778 1464 2822 Praeterea
1497 2792 1551 2820 eo
1585 2777 1837 2821 commodo
1868 2778 1969 2819 ute-

412 2849 565 2901 batur,
598 2849 724 2904 quod
755 2849 967 2892 tabulam
999 2850 1227 2895 Hecataei
1259 2866 1368 2895 cum
1400 2852 1588 2908 scriptis
1620 2852 1721 2895 eius
1754 2850 1970 2894 conferre

413 2924 607 2977 poterat.
659 2921 759 2965 Nec
781 2923 938 2965 minus
969 2924 1016 2965 in
1049 2925 1297 2979 propatulo
1329 2925 1519 2968 videtur
1549 2938 1652 2968 esse
1683 2925 1733 2968 in
1762 2923 1844 2967 illo
1875 2923 1972 2980 pri—

416 3008 495 3037 ore
537 2994 663 3037 fonte
707 2995 763 3037 de
797 2996 911 3038 Asia
956 2997 1167 3039 citeriore
1210 2999 1367 3040 minus
1413 3000 1633 3042 accurate
1672 3000 1833 3041 act-um
1870 3008 1972 3040 esse
