2101 3481
338 464 529 506 omnino
550 461 740 504 videtur
761 459 1029 502 testimonio
1056 472 1174 515 opus
1206 472 1308 502 esse
1329 473 1439 502 eum
1470 461 1551 516 qui
1570 463 1638 503 tot
1667 463 1819 504 terras
1851 464 1897 504 et

337 537 480 580 urbes
524 535 697 584 viserit,
743 534 1061 576 clarissimam
1095 531 1326 576 Graeciae
1368 534 1537 577 urbem
1572 548 1666 577 non
1706 535 1893 578 adiisse.

338 610 431 654 Sed
460 610 566 665 ipsa
595 607 827 651 Herodoti
860 607 1007 649 verba-
1037 619 1226 662 quoque.
1257 606 1539 662 significant.
1599 607 1896 652 Hecataeum

337 684 464 726 enim
493 684 543 725 in
572 681 848 725 narratione
880 679 1094 722 attulisse
1126 680 1240 723 dicit
1276 676 1352 736 τὴν
1378 676 1516 735 χώρην
1545 676 1621 736 τήν
1651 696 1776 737 σφισι
1812 678 1894 723 ὑπὸ

341 754 409 797 nov
435 749 651 811 εΥμησσόν
682 753 836 795 socom
857 757 902 797 et
931 755 1068 805 τεῖχος
1097 750 1146 794 τὸ
1179 752 1281 807 περὶ
1302 750 1378 809 τὴν
1408 746 1648 808 ἀκρόπολίν
1677 771 1774 798 κοτε
1803 754 1897 810 ἕλη-

338 828 520 882 )φᾳιέιόν
551 832 596 873 et
626 832 804 872 terram
834 828 969 871 illam
1001 828 1089 871 sub
1120 827 1348 883 Hymetto
1381 829 1521 872 sitam
1551 825 1757 883 πρότερον
1787 824 1893 871 εἶναι

337 899 473 959 κακήν
502 918 547 943 τε
566 900 641 943 καὶ
664 902 737 943 zoi·
758 897 935 957 μηδενὸς
957 893 1078 956 ἀξίην
1109 915 1217 944 eum
1244 902 1481 946 rettulisse
1503 905 1713 947 testatur.
1764 903 1898 948 Haec

338 980 404 1022 ita
435 977 705 1020 describere
742 989 838 1018 non
871 977 1071 1031 poterat,
1109 976 1202 1018 nisi
1232 976 1332 1032 ipse
1363 976 1575 1019 Atticam
1608 980 1653 1020 et
1682 977 1898 1021 Athenas

336 1052 547 1095 vidisset.
587 1075 640 1079 —
684 1049 881 1093 Constat
923 1049 1191 1092 Miltiadem
1233 1049 1470 1092 Lemnum
1513 1064 1812 1107 expugnasse
1854 1055 1899 1094 et

338 1126 579 1180 Pelasgos,
612 1127 663 1167 ut
692 1123 966 1167 Herodotus
999 1123 1125 1176 dicit,
1158 1123 1313 1166 ultum
1344 1136 1459 1167 esse..
1520 1123 1695 1168 Nescio
1728 1139 1790 1168 an
1822 1139 1898 1169 co-

338 1199 590 1255 gitandum
621 1199 681 1241 sit
711 1198 761 1241 ‘m
783 1197 1076 1240 familiarum
1109 1197 1417 1253 quarundum
1448 1200 1602 1251 coetu,
1635 1212 1757 1254 quae
1786 1198 1899 1242 Phi-

338 1274 481 1317 lai'dis
513 1273 832 1316 obtrectarent
876 1274 920 1314 et
962 1271 1264 1324 inviderent,'
1300 1270 1430 1313 velut
1459 1271 1899 1325 Alcmeonidarum,

339 1347 467 1399 (Her.
497 1346 567 1390 VI
591 1346 701 1399 126),
732 1346 865 1388 illam
894 1345 1164 1388 versionem
1195 1344 1374 1387 cultam
1407 1347 1451 1388 et
1480 1345 1628 1388 fotam
1659 1359 1774 1400 esse,
1806 1360 1901 1403 qua

338 1420 569 1464 Miltiadis
600 1419 767 1463 laudes
795 1419 1023 1462 Lemniae
1054 1419 1462 1462 imminuerentur.
1514 1418 1588 1462 Ex
1615 1419 1710 1463 illis
1742 1423 1900 1463 autem

338 1494 643 1550 Hegesandri
671 1493 799 1536 filius
832 1506 919 1535 sua
950 1494 1214 1548 comperire
1244 1494 1440 1548 poterat.

452 1567 621 1624 Neque
644 1567 852 1620 deerant,
886 1580 1007 1622 quae
1028 1566 1335 1609 traditionem
1356 1565 1722 1609 Atheniensium
1743 1568 1786 1610 ei
1815 1568 1902 1610 im-

339 1643 606 1700 probarent.
665 1640 883 1684 Primum
915 1641 1041 1683 enim
1071 1640 1155 1683 illa
1187 1639 1244 1682 de
1275 1639 1592 1695 Pelasgorum
1621 1641 1671 1683 in
1701 1640 1903 1684 feminas

341 1716 656 1760 Athenienses
700 1715 898 1758 crimine
940 1714 1152 1757 narratio
1203 1714 1525 1769 suspicionem
1567 1715 1667 1757 eius
1709 1728 1903 1758 movere

340 1792 538 1848 poterat,
571 1789 700 1846 quod
732 1788 907 1831 similia.
938 1788 1004 1831 eis
1037 1790 1173 1831 erant
1203 1801 1324 1844 quae
1357 1787 1414 1830 de
1445 1790 1585 1844 raptu
1615 1788 1903 1832 feminarum

340 1865 601 1922 posteriore
638 1863 1019 1919 proferebantur:
1064 1861 1313 1916 PelangS,
1358 1864 1410 1903 ut
1439 1861 1756 1905 Athenienses
1786 1862 1904 1906 ulci-

342 1941 598 1991 scerentur,
630 1937 879 1980 Braurone
902 1937 967 1979 eis
989 1935 1133 1979 festos
1157 1935 1257 1978 dies
1281 1935 1632 1979 celebrantibus
1653 1936 1903 1979 insidiatos

342 2026 444 2057 esse
475 2015 519 2056 et
553 2011 743 2055 feminis
781 2024 945 2053 eorum
984 2010 1132 2066 raptis
1163 2008 1401 2053 Lemnum
1443 2009 1641 2053 rediisse
1674 2009 1800 2062 (Her.
1834 2010 1904 2053 VI

347 2088 454 2139 138).
515 2085 641 2129 Fieri
672 2087 858 2141 poterat
899 2087 950 2126 ut
981 2083 1296 2126 Athenienses
1334 2097 1391 2126 ex
1425 2083 1647 2138 analogia
1677 2085 1903 2139 posterio-

343 2162 408 2204 ris
447 2160 607 2204 delicti
650 2158 803 2201 simile
836 2157 1080 2214 quoddam
1116 2158 1215 2199 iam
1246 2160 1385 2199 antea
1421 2156 1601 2199 factum
1633 2170 1734 2200 esse
1772 2157 1904 2200 effin-

344 2236 511 2290 gerent
553 2247 646 2290 quo
699 2245 837 2275 suam
885 2232 935 2274 in
982 2230 1090 2274 illos
1138 2231 1363 2274 iniuriam
1407 2233 1700 2274 excusarent.
1761 2230 1904 2274 Prae-

344 2312 473 2352 terea
504 2307 820 2351 Atheniense-S
859 2305 1081 2349 dicebant
1120 2318 1170 2348 Se
1212 2300 1375 2359 παρεὸν
1425 2297 1595 2345 nimfo-L
1647 2296 1904 2345 ἀποκτεῖναι

347 2397 392 2422 ro
407 2378 442 2430 ‘g
464 2376 714 2434 Πελασγοί-ς
744 2376 843 2420 ἐπεί
865 2393 1001 2434 σφεας
1022 2375 1175 2432 ἔλαβον
1196 2373 1555 2431 ἐπιβουλεύονῑάς
1576 2369 1653 2419 οὖν.
1685 2374 1906 2434 ἐθελῆσαι,

349 2448 458 2496 ἀλλά
481 2469 557 2509 ossa
581 2456 811 2507 προειπεῖν
831 2449 875 2494 ἐκ
900 2454 972 2508 Τῆς
1002 2453 1076 2508 γῆς
1106 2450 1275 2502 ἐξιέναι.
1328 2452 1498 2496 hieriho
1531 2454 1696 2508 quaeri
1726 2456 1911 2509 poterat

349 2542 585 2586 quaenam
617 2528 874 2583 singularis
912 2527 1040 2571 illius
1080 2527 1357 2570 clementiae
1390 2539 1535 2569 causa
1565 2526 1749 2579 fuisset3
1788 2541 1910 2584 quae

350 2616 459 2646 cum
497 2602 654 2645 afferri
695 2616 791 2645 non
832 2605 990 2658 posset
1031 2604 1129 2645 tota
1165 2601 1377 2644 narratio
1410 2601 1744 2644 commenticia
1779 2602 1911 2645 vide-

348 2678 500 2721 batur.
553 2675 603 2720 Si
625 2677 889 2731 cogitamus
912 2679 1116 2732 (plantas
1137 2688 1314 2731 poenas
1338 2673 1511 2718 Graeci
1541 2675 1749 2718 maxime
1777 2675 1911 2719 femi—

349 2763 523 2793 narum
558 2749 830 2792 violationis
869 2762 1115 2805 reposcere
1154 2749 1279 2792 soliti
1311 2749 1421 2801 sint,
1454 2748 1585 2791 velut
1613 2749 1771 2804 ipsum
1802 2762 1910 2806 pro-

353 2824 559 2867 oemium
595 2822 828 2866 Herodoti
871 2824 1023 2877 docet,
1067 2823 1151 2867 ubi
1198 2822 1483 2877 gravissima
1529 2835 1743 2878 quaeque
1786 2822 1913 2866 bella

353 2897 522 2942 eadem
564 2910 623 2940 ex
666 2909 812 2939 causu
853 2897 1145 2952 deflagrasse
1177 2896 1447 2952 exponitur,
1487 2895 1780 2939 credendum
1814 2909 1911 2940 non

355 2974 434 3025 est,
478 2970 793 3014 Athenienses
837 2972 920 3024 eis,
948 2972 1005 3025 ¹si
1052 2971 1167 3014 talia
1210 2984 1259 3013 re
1297 2983 1411 3012 vera
1448 2969 1769 3026 deliquissent,
1814 2973 1911 3013 tam
