2101 3492
794 464 834 467 ,ψ
906 444 954 482 19
1017 463 1066 467 —

146 576 292 619 quam
323 563 383 606 ab
414 561 674 615 Hecataeo,
721 564 820 619 qui,
865 564 905 606 si
935 563 1234 606 Herodotum
1275 577 1384 606 eum
1417 564 1707 619 expressisse

147 635 466 689 concedimus,
500 635 863 691 diligentissime
894 638 1022 693 ipsas
1053 636 1142 679 has
1167 640 1320 679 terras
1343 637 1605 693 descripsit.
1656 637 1708 682 Si

147 709 413 764 cogitamus
436 722 465 751 a
484 708 679 753 Persica
700 710 908 766 quadam
942 710 1197 753 traditione
1227 709 1364 753 illum
1385 709 1564 753 fontem
1592 723 1706 767 pen-

146 782 278 835 dere,
308 781 535 825 facillime
567 783 851 839 explicatur,
883 797 970 826 cur
999 783 1119 825 Asia
1151 784 1340 826 citerior
1369 784 1419 826 in
1450 797 1504 826 eo
1534 796 1708 840 parum

146 855 418 911 diligenter,
461 855 707 899 Herodoto
746 859 869 900 certe
907 857 1121 913 quidem,
1167 857 1407 912 descripta
1442 870 1544 900 esse
1578 857 1706 900 vide-

144 929 299 972 batur.
360 927 487 980 Quid
518 930 762 985 scriptoris
795 929 967 973 Graeci
997 931 1246 973 interesset
1274 930 1382 972 illas
1415 932 1567 973 terras
1598 930 1708 973 bar-

143 1002 262 1045 baro
306 1001 412 1045 stilo
456 1003 743 1059 perscriptas
785 1004 1014 1057 mutuari,
1057 1004 1339 1059 praesertim
1382 1017 1491 1046 cum
1529 1004 1707 1060 opt-ima

141 1075 263 1119 fides
293 1075 524 1119 Hecataei
554 1078 740 1132 praesto
773 1079 907 1119 esset.
960 1075 1117 1128 Quare
1140 1076 1430 1120 cuicuimodi
1455 1076 1598 1120 fuerit
1625 1075 1707 1119 ifle

142 1149 274 1202 fonS,
317 1150 367 1192 in
403 1149 521 1192 Asia
567 1149 848 1205 exponenda
890 1149 1132 1193 Hecataeo
1180 1150 1385 1192 deterior
1426 1150 1567 1193 fuerit
1608 1150 1708 1192 sive

146 1221 334 1267 Graeca
364 1223 464 1266 sive
494 1223 706 1266 barbara
737 1223 795 1266 de
826 1224 970 1279 stirpe
997 1223 1240 1279 prodierit.
1294 1222 1707 1266 Contaminatione

145 1298 305 1339 autem
341 1296 426 1339 illa
462 1297 669 1339 duarum
704 1296 1016 1339 traditionum
1047 1296 1173 1339 effici
1202 1299 1405 1352 poterat,
1448 1299 1501 1338 ut
1532 1298 1709 1340 cetera-

143 1383 253 1412 rum
295 1383 483 1426 quoque
525 1371 734 1426 partium
772 1370 1079 1413 commutatio
1119 1370 1358 1426 quaedam
1389 1372 1512 1413 esset
1547 1383 1710 1413 neces-

145 1443 285 1486 saria.
347 1442 441 1486 Sed
474 1445 705 1498 quantum
743 1443 864 1485 aliae
901 1443 1129 1496 rationes,
1174 1445 1408 1498 quantum
1448 1456 1581 1486 error
1615 1442 1709 1486 for-

143 1519 270 1559 tasse
310 1517 576 1559 attribuerit-
607 1516 669 1560 ad
705 1516 840 1559 illam
873 1516 1286 1559 conturbationem
1312 1517 1527 1558 nostram
1558 1517 1709 1559 scien-

143 1590 263 1632 tiam
311 1590 444 1645 fugit.
516 1590 621 1632 Iam
670 1603 783 1632 vero
834 1590 1123 1644 comparatis
1174 1589 1268 1631 illis
1311 1588 1544 1632 Herodoti
1590 1588 1708 1632 locis

147 1663 455 1716 conabimur,
512 1676 750 1719 quaenam
798 1665 971 1705 natura
1023 1662 1290 1704 communis
1340 1675 1505 1705 eorum
1552 1661 1710 1715 fontiS,

149 1736 304 1792 qualis
335 1737 385 1779 in
414 1736 506 1780 hoc
539 1736 654 1779 ordo
685 1736 937 1790 regionum
969 1735 1251 1778 observatus
1283 1735 1344 1777 sit
1371 1735 1622 1790 indagare,
1659 1737 1711 1777 ut

146 1808 260 1853 hinc
306 1823 494 1866 quoque
546 1809 853 1864 colligamus,
902 1822 997 1851 non
1041 1807 1283 1851 Hecataeo
1329 1807 1413 1850 sed
1460 1808 1710 1863 posteriori

151 1883 346 1926 cuidam
375 1882 467 1926 hoc
497 1881 806 1926 tribuendum
837 1895 959 1924 esse:

262 1990 374 2034 Her.
407 1989 480 2033 ΠΙ
511 1993 561 2032 91
596 2003 695 2045 sqq.
1286 1988 1380 2031 VH
1412 1991 1461 2031 61
1496 2001 1594 2044 sqq.

265 2064 401 2117 Susa,
435 2063 590 2107 Cissia
1278 2061 1451 2104 Persae

262 2137 482 2193 Babylon
513 2137 717 2192 Assyria

261 2211 521 2266 Agbatana
551 2214 595 2253 et
625 2212 783 2253 cetera
1280 2207 1411 2251 Medi

260 2283 424 2328 Media
1281 2280 1422 2324 Cissii

262 2356 505 2406 Paricanii
547 2356 763 2412 aliaeque
801 2358 966 2410 gentes

290 2431 494 2486 ignotae.
548 2429 709 2485 Caspii
735 2428 968 2471 Pausicae

292 2503 588 2547 Pantimathi
600 2503 809 2556 Daritae,
827 2501 963 2557 (quos
1280 2500 1514 2555 Hyrcanii

295 2576 501 2621 Steinius
524 2577 586 2620 ad
606 2576 678 2619 111
700 2579 767 2628 92,
790 2578 827 2628 6,
842 2574 968 2628 Hyr-

294 2651 459 2693 caniae
481 2650 678 2705 originis
701 2661 803 2692 esse
824 2650 971 2703 putat.

1276 2721 1465 2775 Assyrii

266 2796 519 2839 Baeti-iane
1285 2793 1458 2836 Bactri.

266 2909 468 2964 Assyria
497 2909 547 2951 in
577 2911 778 2963 utraque
815 2905 981 2949 tabula
1016 2905 1136 2947 falso
1169 2905 1399 2961 disposita
1431 2905 1635 2959 videtur,
1667 2906 1712 2947 in

154 2983 311 3038 priore
349 2984 456 3024 ante
486 2980 719 3034 Mediam,
758 2981 807 3022 in
836 2978 928 3021 hac
964 2980 1071 3034 post
1100 2977 1417 3033 Hyrcaniam;
1455 2980 1562 3021 ante
1592 2977 1716 3033 Hyr-

157 3056 345 3098 caniam
378 3067 483 3097 eam
515 3054 843 3097 collocandam
876 3052 1020 3093 fuisse
1043 3053 1088 3093 in
1125 3052 1366 3094 communi
1396 3051 1524 3094 fonte
1555 3050 1710 3104 colligi

1471 3118 1515 3150 2*-
