2101 3492
854 364 1130 403 -:>‚i—

215 484 332 528 sitae
376 485 646 528 accuratius
690 484 901 540 digestae
942 485 1196 529 videantur
1238 499 1382 542 quam
1423 499 1542 542 quae
1575 487 1634 530 ab
1667 489 1768 530 ortu

219 557 344 600 solis.

331 646 386 700 1Β)
418 645 548 690 Ordo
579 661 721 704 quem
751 647 791 691 P
821 651 866 691 et
895 648 1019 691 NRa
1056 648 1281 692 exhibent
1320 650 1474 703 magis
1512 649 1574 692 ad
1609 662 1769 692 rerum

213 720 465 764 veritatem
506 721 896 764 accommodatus
939 722 1145 774 videtum
1188 723 1347 778 itaque
1389 723 1671 778 posteriores
1701 723 1772 765 in-

215 793 496 850 scriptiones
526 794 707 837 maiore
738 808 855 838 cura
885 796 929 837 et
961 795 1179 837 doctrina
1209 798 1432 838 exaratae
1464 799 1583 838 sunt.

331 891 379 941 19)
409 889 551 933 Initio
574 889 613 932 P
641 892 686 933 et
707 889 830 933 NRa
860 891 951 933 sibi
977 890 1227 933 similiores
1261 894 1381 944 sunt,
1412 890 1535 934 NRa
1556 891 1772 934 Aracho-

215 964 310 1007 sios
347 964 393 1006 et
423 961 712 1018 Sattagydas
749 963 903 1018 primo
936 963 1060 1015 loco,
1098 963 1138 1005 P
1168 964 1405 1006 contrario
1438 964 1602 1007 ordine
1632 964 1769 1007 tertio

215 1039 261 1080 et
301 1037 472 1093 quarto
520 1035 626 1079 loco
674 1036 817 1092 ponit.
888 1035 1011 1079 Dein
1055 1035 1324 1079 Gandarios
1367 1039 1411 1079 et
1451 1037 1597 1080 Indos
1638 1037 1775 1080 varia

217 1110 413 1167 quidem
455 1109 575 1152 serie
617 1109 859 1165 praebent.
926 1108 965 1152 B
1007 1123 1119 1152 vero
1164 1108 1433 1152 Gandarios
1474 1110 1627 1166 primo
1668 1110 1773 1154 loco

218 1183 441 1237 collocat,
482 1183 630 1226 Indos
670 1195 868 1239 prorsus
906 1183 1088 1225 omittit.
1149 1182 1279 1226 Tunc
1308 1182 1347 1225 P
1378 1185 1422 1226 et
1450 1183 1574 1226 NRa
1601 1184 1774 1226 iterum

215 1258 266 1300 in
288 1255 424 1302 Sacis
455 1257 726 1310 concinunt,
759 1269 964 1313 quorum
992 1256 1112 1298 duas
1144 1258 1305 1311 gentes
1327 1255 1449 1298 NRa
1469 1256 1621 1298 refert.
1671 1255 1773 1299 Hos

217 1331 258 1375 B
281 1331 491 1375 secundo
522 1330 627 1374 loco
658 1330 1002 1373 nominaverat.
1054 1329 1109 1372 In
1142 1329 1235 1372 fine
1267 1329 1458 1372 demum
1490 1329 1772 1385 discrepant,

215 1418 329 1448 nam
360 1404 484 1447 NRa
514 1404 664 1447 Maka
693 1417 789 1446 non
818 1402 975 1456 habet,
1009 1415 1127 1458 qnos
1159 1402 1199 1444 P>
1230 1405 1275 1445 et
1303 1402 1354 1446 P.
1411 1402 1578 1445 Elucet
1608 1402 1647 1445 P
1666 1403 1775 1445 titu-

215 1478 318 1522 lum
347 1479 471 1521 inter
501 1477 541 1520 B
572 1480 618 1520 et
646 1477 771 1520 NRa
799 1476 1013 1520 medium
1042 1476 1141 1519 fere
1176 1476 1336 1519 locum
1367 1478 1542 1529 tenere‚
1579 1477 1774 1531 propius

221 1554 381 1595 autem
413 1551 475 1594 ad
505 1550 629 1594 NRa
659 1550 900 1594 accedere.

333 1647 383 1701 ²0)
417 1646 560 1690 Omni
588 1647 686 1690 fere
716 1648 900 1690 ratione
931 1648 1062 1689 caret
1092 1647 1174 1702 qui
1209 1659 1337 1689 nunc
1368 1646 1605 1701 profertur
1642 1644 1771 1697 ord0,

221 1721 305 1764 sed
346 1721 592 1764 levissima
631 1720 717 1763 illa
764 1719 1093 1763 emendatione
1134 1718 1315 1762 tollitur
1365 1719 1517 1761 omnis
1569 1717 1774 1760 offensio.

221 1793 399 1846 Quidni
430 1794 507 1836 vel
537 1794 619 1850 qui
653 1793 869 1836 tabulam
908 1792 1174 1848 composuit
1202 1791 1280 1834 vel
1311 1792 1392 1847 qui
1423 1804 1537 1833 saxo
1568 1790 1775 1846 insculp-

225 1868 286 1911 sit
316 1868 487 1911 errarit
520 1867 592 1919 (cf.
626 1867 734 1910 adn.
780 1867 874 1919 16)2
924 1866 980 1909 In
1015 1865 1210 1909 Graecis
1250 1864 1398 1908 titulis
1434 1877 1562 1907 nunc
1592 1875 1778 1919 quoque

220 1941 340 1984 tales
372 1941 469 1984 stili
493 1941 657 1997 lapsus
687 1939 1120 1997 deprehenduntur.
1172 1937 1465 1981 Emendatus
1487 1937 1632 1991 igitur
1653 1935 1777 1979 ordi-

227 2028 344 2057 num
375 2014 452 2057 hic
485 2016 556 2057 est
586 2015 863 2057 concentus:

428 2109 480 2153 B.
970 2107 1021 2149 P.
1447 2104 1578 2147 NRa.

339 2183 503 2227 Media
962 2205 1010 2209 —
1488 2203 1540 2206 —

341 2257 575 2300 Armenia
877 2254 1109 2297 Armenia
1380 2251 1611 2293 Armenia

343 2329 651 2386 Cappadocia
869 2326 1174 2383 Cappadocia
1381 2323 1685 2379 Cappadocia

344 2402 520 2448 Sardes
874 2400 1047 2444 Sardes
1385 2396 1558 2440 Sardes

343 2477 481 2520 Ionia
870 2472 1041 2515 Graeci
1385 2468 1587 2524 Scythae

804 2544 1144 2590 continentales
1441 2542 1559 2595 (etc.)

779 2549 1012 2664 {insulani

349 2719 404 2773 2¹)
436 2719 503 2763 Cf.
536 2718 655 2761 Xen.
691 2716 863 2771 Cyrop.
889 2714 1006 2757 VIII
1035 2717 1072 2766 2,
1100 2716 1160 2755 10.
1213 2710 1455 2766 Aristoph.
1490 2709 1697 2753 Acharn.
1727 2712 1789 2761 94,

236 2792 349 2836 Her.
383 2792 405 2835 I
440 2795 530 2835 100.

351 2889 404 2939 22>
436 2887 688 2930 Aufsaetze
719 2898 802 2927 zur
832 2881 1109 2938 persischen
1140 2878 1427 2923 Geschichte
1458 2892 1501 2934 p.
1537 2879 1591 2920 34
1622 2877 1728 2920 adn.
1754 2877 1790 2918 1.

353 2984 403 3035 23)
445 2983 534 3025 Die
575 2980 815 3037 persische
863 2977 1224 3031 Konigsstrasse
1269 2974 1421 3018 durch
1458 2972 1791 3023 Vorderasien,
