2101 3481
1009 342 1285 380 -12—

368 468 458 510 1100
490 468 549 509 ab
583 470 688 508 ortu
719 466 833 508 solis
865 465 928 507 ad
960 475 1185 507 occasum
1215 462 1442 518 pergitur.
1504 461 1728 505 Ceterum
1757 462 1808 504 in
1835 461 1933 504 sin-

370 538 494 595 gulis
525 538 741 595 partibus
772 538 887 594 ipsis
921 537 1098 579 mirum
1128 537 1178 578 in
1207 535 1409 578 modum
1439 534 1479 578 B
1514 537 1560 579 et
1590 534 1630 578 P
1667 548 1778 578 cum
1807 534 1934 578 NRa,

368 614 648 667 congruunt.
695 612 741 654 A
762 610 917 654 Medis
949 612 994 652 et
1016 609 1232 653 Susianis
1265 608 1532 652 ordiuntur.
1556 608 1624 663 (in
1644 608 1684 652 Β
1715 610 1769 651 ut
1797 608 1931 651 vide-

365 698 527 728 ramus
558 684 722 727 Media
753 683 991 727 secundae
1031 683 1155 738 parti
1192 682 1466 738 praeposita
1497 684 1595 734 est).
1654 682 1775 725 Tum
1804 680 1930 724 NRa

364 758 580 813 regiones
613 760 743 800 trans
766 756 1137 812 Paropamisum
1159 758 1203 798 et
1225 756 1292 798 013
1324 757 1440 798 31103
1463 756 1658 799 easdem
1687 756 1785 799 fere
1810 767 1934 811 quas

363 831 434 874 illi
470 831 676 887 praebet.
738 830 818 873 Ad
862 829 1158 888 occidentem
1202 842 1462 872 conversus
1499 829 1799 886 Babylonem
1834 830 1932 885 pri-

362 919 494 948 mum
524 905 752 958 nominat,
795 907 906 946 111110
952 903 1114 945 01111110
1153 902 1252 946 fere
1295 916 1390 959 quo
1434 915 1582 959 supra
1611 903 1821 946 vidimus
1855 916 1929 946 or-

365 978 473 1021 dine
512 979 763 1034 componit,
814 978 863 1019 in
901 977 1023 1019 Asia
1072 977 1289 1019 citeriore
1338 978 1498 1019 tamen
1550 978 1595 1019 et
1642 977 1693 1019 in
1734 976 1932 1031 Europa

361 1052 522 1107 plures
543 1051 744 1107 populos
769 1050 917 1103 affert,
951 1063 1097 1106 quam
1119 1050 1369 1106 superiora
1389 1052 1713 1093 monumenta.
1752 1048 1933 1092 Omnes

360 1125 507 1180 igitur
538 1124 795 1168 Susianam
825 1125 981 1180 primo
1012 1123 1089 1166 vel
1126 1123 1336 1166 secundo
1369 1123 1475 1167 loco
1506 1124 1770 1177 nominant,
1809 1124 1932 1166 sieut

361 1197 643 1252 Aeschylus
705 1198 978 1254 Apponitur
1009 1196 1172 1240 Media
1209 1210 1357 1252 quam
1386 1196 1426 1239 B
1467 1197 1597 1240 solus
1628 1199 1794 1252 postea
1822 1209 1931 1253 pro-

361 1271 462 1314 fert.
523 1270 792 1326 Aeschylus
837 1284 1025 1326 quoque
1069 1270 1329 1325 Agbatana
1372 1270 1584 1313 secundo
1634 1271 1740 1313 1000
1785 1270 1931 1327 ponit.

367 1343 405 1387 P
435 1344 564 1387 solus
597 1344 841 1399 Sagartios
874 1344 1030 1398 habet,
1064 1346 1166 1387 tum
1198 1357 1363 1387 omnes
1394 1343 1613 1387 Parthos.

472 1434 529 1477 In
559 1434 599 1476 B
636 1437 681 1477 et
710 1434 750 1477 P
789 1435 1002 1491 sequitur
1031 1434 1334 1490 Drangiana,
1373 1448 1520 1491 quam
1556 1433 1680 1477 NRa
1716 1434 1935 1488 collocat,

361 1508 445 1551 ubi
482 1509 652 1550 transit
688 1508 750 1550 ad
795 1508 1141 1552 occidentalem
1178 1510 1377 1564 partem.
1452 1507 1796 1564 Paropamisus
1837 1507 1937 1550 illis

360 1582 478 1624 10013
520 1582 678 1624 minus
722 1581 815 1625 alte
858 1585 903 1624 et
947 1582 1146 1638 abrupte
1185 1595 1235 1625 se
1265 1582 1407 1636 tollit,
1451 1584 1504 1624 ut
1544 1582 1664 1624 fines
1694 1583 1935 1624 terrarum

362 1655 630 1710 complures
672 1656 721 1697 in
758 1656 927 1698 modos
965 1656 1033 1699 ibi
1070 1656 1323 1712 disponere
1353 1655 1529 1699 liceret.
1590 1655 1743 1698 Porro
1776 1655 1935 1698 001101-

364 1731 483 1770 1111111
526 1742 688 1772 omnes
731 1730 780 1772 in
825 1729 1020 1772 Bactria
1062 1728 1327 1784 Sogdiana,
1373 1728 1677 1783 Chorasmia,
1720 1729 1760 1772 B
1804 1728 1939 1771 solus

364 1801 698 1845 Chorasmiam
740 1803 835 1846 illis
879 1803 1068 1846 duabus
1107 1804 1425 1859 anteponitffl)
1488 1803 1538 1847 si
1573 1803 1791 1846 iudicare
1826 1803 1941 1846 lieet

365 1889 423 1918 ex
464 1875 551 1929 1113,
595 1876 751 1919 facere
793 1890 889 1919 non
931 1878 1208 1933 poterimus,
1253 1878 1367 1933 quin
1412 1889 1717 1920 communem
1757 1876 1938 1919 fontem

366 1948 516 1991 tribus
546 1948 621 1991 his
652 1950 827 1993 tabulis
858 1950 1005 1994 fuisse
1038 1953 1318 1994 statuamus.

479 2039 534 2081 In
556 2039 673 2082 NRa
709 2041 854 2095 igitur
876 2041 1161 2096 Drangiana
1190 2042 1460 2097 insequenti
1479 2041 1606 2097 parti
1636 2041 1933 2083 transitionis

365 2125 510 2154 causa
550 2114 878 2169 praeponitur,
926 2128 1019 2170 qua
1062 2115 1283 2170 regiones
1315 2115 1384 2158 013
1415 2114 1786 2171 Paropamisum
1817 2115 1935 2157 sitae

370 2186 681 2229 continentur.
742 2187 928 2230 Deinde
974 2188 1031 2231 de
1074 2189 1214 2232 terris
1253 2201 1373 2245 quas
1407 2188 1612 2231 afferunt
1642 2200 1807 2231 omnes
1838 2188 1936 2231 fere

370 2260 637 2314 concinunt,
670 2260 728 2304 de
761 2260 927 2304 ordine
958 2275 1054 2304 non
1086 2262 1227 2317 plane
1260 2262 1596 2314 concinunt.1⁹)

481 2356 610 2399 Tunc
643 2357 705 2399 ad
737 2358 1033 2401 occidentem
1063 2359 1308 2413 transitur,
1339 2358 1424 2402 ubi
1450 2361 1545 2402 tres
1571 2358 1765 2401 tabulae
1787 2370 1936 2400 unam

371 2428 463 2471 fere
509 2430 712 2484 speciem
757 2432 998 2487 praebent.
1073 2431 1255 2484 Quarta
1298 2445 1487 2489 quoque
1532 2432 1589 2475 de
1631 2433 1791 2488 parte,
1841 2444 1938 2487 qua

370 2504 533 2555 gentes
564 2503 708 2546 Asiae
740 2505 972 2548 citerioris
1005 2505 1270 2549 afferuntur
1301 2505 1561 2561 singularis
1590 2506 1804 2548 omnium
1826 2518 1937 2548 0011-

374 2587 540 2617 sensus
572 2579 710 2630 extat,
735 2579 774 2620 si
797 2579 1119 2632 concedimus,
1151 2579 1370 2623 ordinem
1392 2592 1534 2636 quem
1555 2578 1594 2621 B
1615 2578 1763 2622 habet
1792 2591 1940 2634 supra

374 2647 499 2691 dicto
531 2649 695 2692 ordine
727 2651 1067 2706 corrigendum
1099 2666 1213 2696 esse.
1228 2652 1284 2706 2⁰)

482 2737 539 2780 In
577 2740 796 2782 omnibus
827 2755 1031 2796 regnum
1068 2744 1134 2786 ita
1166 2743 1375 2787 divisum
1405 2742 1614 2797 videtur,
1651 2746 1703 2785 ut
1732 2744 1783 2786 in
1814 2744 1937 2787 0001-

370 2810 611 2853 dentalem
633 2814 677 2854 et
699 2814 978 2857 orientalem
999 2820 1184 2872 partem
1208 2817 1473 2861 dirimatur.
1524 2815 1713 2859 Harum
1734 2819 1940 2873 utraque

370 2883 600 2927 dividitur
629 2886 801 2929 iterum
832 2888 931 2931 sive
961 2891 1084 2933 mari
1116 2891 1216 2934 sive
1246 2893 1418 2934 monte.
1470 2890 1612 2933 Tituli
1639 2891 1935 2947 antiquiores

368 2958 462 2999 duo
504 2958 636 3012 prius
682 2960 1024 3005 occidentalem
1066 2967 1253 3019 partem
1295 2964 1591 3018 describunt,
1639 2965 1934 3008 novissimus
