2101 3481
980 345 1253 383 ss10-

348 469 581 526 Spardam
633 468 675 509 11.
710 480 746 508 e.
795 465 1006 518 Sardes),
1057 465 1272 517 ι1001010,
1324 463 1556 517 Mediam,
1607 464 1904 515 Armeniam,

345 541 715 598 Cappadociam,
767 538 1034 589 Parthiam,
1091 537 1444 592 Drangianam,
1501 537 1691 590 Ariam,
1751 535 1906 580 Choa-

342 615 581 665 rasmiam,
612 612 869 663 Bactriani,
893 610 1202 665 Sogdianam,
1227 609 1539 663 Gandariam,
1563 610 1724 663 Sacas,
1749 609 1905 654 Satta-

342 688 507 743 gydas,
538 685 869 737 Arachosiam,
902 684 1081 735 Macas,
1114 684 1286 738 viginti
1316 685 1412 726 tres
1444 685 1622 738 gentes.

454 759 697 803 Consentit
727 758 845 801 haec
876 758 1123 813 inscriptio
1147 770 1258 799 cum
1279 755 1536 812 Aeschylo,
1568 770 1680 800 cum
1709 757 1908 812 incipiat

343 848 371 876 a
400 833 567 876 Persia
597 831 834 882 Susisque,
868 830 1039 888 deinde
1072 831 1195 872 sicut
1223 829 1301 872 hic
1332 830 1383 872 in
1413 830 1690 886 Aegyptum
1722 843 1771 873 se
1794 843 1906 873 con-

341 908 511 959 vertat,
554 908 660 961 post
703 904 870 947 eodem
911 904 1055 946 modo
1094 917 1178 959 per
1220 916 1354 946 mare
1396 905 1610 946 transeat
1650 904 1701 946 in
1737 903 1908 946 Asiam

343 980 607 1022 citeriorem
640 979 794 1029 itaque
825 977 1041 1020 medium
1072 977 1121 1019 in
1164 989 1370 1031 regnum
1400 978 1686 1029 revel-tatum
1728 990 1828 1019 una
1857 977 1908 1019 in

341 1067 391 1096 re
413 1055 572 1094 tamen
595 1052 833 1107 discrepat
856 1065 884 1093 a
904 1053 1056 1107 poeta,
1084 1064 1195 1093 cum
1215 1050 1538 1106 Babyloniam
1568 1050 1702 1092 initio
1726 1050 1907 1102 afferat,

341 1139 486 1182 quam
515 1125 595 1168 ille
625 1128 866 1181 postremo
909 1124 1058 1180 partis
1091 1124 1192 1167 eius
1235 1123 1340 1166 1000
1384 1125 1739 1167 commemorat.
1803 1121 1909 1175 Qua

341 1200 401 1242 de
430 1213 480 1242 re
512 1198 638 1241 infra
669 1198 864 1241 dicetur.
917 1197 1028 1240 Non
1060 1197 1198 1240 aliter
1229 1198 1327 1240 iam
1358 1196 1603 1240 orientalis
1633 1197 1773 1251 regni
1792 1209 1905 1252 pars

340 1272 591 1329 exponitur
621 1284 775 1327 neque
797 1284 911 1313 vero
942 1273 1043 1313 tam
1074 1271 1284 1313 breviter
1315 1283 1463 1326 quam
1486 1270 1617 1326 apud
1646 1269 1796 1323 illum,
1822 1270 1908 1313 sed

340 1345 508 1389 eadem
550 1357 645 1401 qua
686 1345 849 1400 priora
891 1344 1142 1387 nominum
1184 1344 1414 1387 ubertate.
1487 1343 1712 1398 Regnum
1752 1346 1906 1386 totum

340 1420 387 1461 in
421 1418 540 1461 duas
571 1420 730 1474 partes
765 1418 975 1461 divisum
1005 1418 1241 1471 videmus,
1286 1417 1634 1461 occidentalem
1677 1419 1722 1460 et
1753 1418 1907 1460 orien-

342 1492 496 1535 talem.
557 1491 701 1534 Illam
742 1492 916 1534 iterum
951 1492 1120 1547 partiri
1159 1493 1333 1534 natura
1370 1491 1499 1546 cogit
1534 1491 1642 1546 ipsa
1682 1491 1808 1533 mari
1836 1491 1909 1533 in-

342 1563 611 1619 terfluente,t
632 1566 945 1617 omnibusque
976 1566 1026 1608 in
1057 1565 1450 1621 inscriptionibus
1470 1564 1591 1608 haec
1624 1565 1795 1608 divisio
1827 1578 1908 1608 ex-

346 1642 424 1681 tat.
487 1638 581 1682 Sed
612 1653 789 1692 eorum,
824 1652 851 1681 a
883 1640 1057 1695 quibus
1089 1639 1200 1682 illae
1232 1639 1426 1682 tabulae
1458 1639 1748 1694 compositae
1786 1640 1908 1692 sunt,

338 1712 605 1755 interfuisse
657 1713 706 1755 ni
748 1712 890 1755 fallor
945 1713 1136 1756 videtur
1187 1726 1333 1769 quam
1383 1712 1595 1755 maxime
1638 1712 1817 1768 pariter
1863 1714 1909 1755 et

340 1798 488 1841 aeque
532 1785 746 1840 singulas
790 1787 1042 1841 regionum
1084 1788 1244 1841 partes
1286 1787 1410 1829 inter
1441 1799 1490 1829 se
1523 1786 1788 1842 disponere.
1849 1785 1909 1828 In

343 1859 560 1902 orientali
591 1860 718 1902 enim
748 1863 882 1915 parte
915 1861 1182 1903 communis
1214 1860 1583 1916 inscriptionum
1606 1860 1777 1902 divisio
1810 1872 1908 1902 ser-

341 1935 453 1975 vata
482 1933 671 1975 videtur
702 1935 969 1989 iterumque
992 1934 1245 1989 regionum
1265 1936 1491 1976 naturam
1512 1934 1561 1976 111
1584 1946 1732 1976 causa
1761 1933 1908 1975 fuisse

339 2009 452 2061 puto
474 2006 712 2062 finemque
735 2010 975 2050 terrarum
997 2008 1191 2050 illarum
1211 2007 1358 2050 fuisse
1380 2006 1751 2063 Paropamisum
1772 2019 1908 2049 mon-

338 2083 444 2132 tem,
477 2081 559 2135 qui
592 2080 773 2123 dirimit
803 2080 948 2124 Indos
982 2094 1010 2123 a
1041 2081 1403 2137 septentrionali
1434 2081 1579 2124 Asiae
1610 2082 1757 2137 parte.

449 2154 527 2196 Ad
562 2154 761 2197 alteram
792 2156 1153 2211 inscriptionem
1182 2154 1430 2211 Persepoli
1460 2157 1701 2210 repertam
1731 2155 1904 2197 transi-

338 2240 444 2268 mus
485 2241 605 2283 quae
648 2228 921 2283 provincias
961 2232 1153 2271 enarrat
1183 2228 1273 2272 hoc
1317 2229 1460 2271 modo
1506 2229 1549 2282 (1.
1575 2242 1611 2271 0.
1644 2241 1687 2284 p.
1721 2231 1774 2270 47
1799 2228 1905 2284 sq.):

344 2299 615 2352 Susianam,
667 2300 898 2354 Mediam,
950 2301 1274 2357 Babylonem,
1326 2302 1586 2355 Arabiam,
1638 2302 1906 2357 Assyriam,

342 2373 627 2428 Aegyptum,
679 2375 974 2428 Armeniam,
1028 2375 1399 2432 Cappa-dociam,
1452 2375 1641 2427 SardeS,
1696 2374 1907 2418 Graecos

344 2447 661 2489 continentem
692 2449 737 2490 et
778 2448 960 2491 insulas
1006 2449 1278 2502 incolentes,
1329 2449 1512 2505 hasque
1559 2451 1710 2492 terras
1753 2450 1907 2491 orien-

338 2519 397 2560 tis
411 2518 477 2571 1·”’);
511 2519 570 2562 Sa
578 2521 790 2574 gartiam.
806 2521 1069 2576 Parthiam,
1085 2523 1433 2578 Drangianam,
1448 2523 1632 2576 Ariam,
1647 2522 1905 2576 Bactriani,

341 2592 645 2646 Sogdianam,
670 2593 1015 2648 Chorasmiam,
1050 2596 1352 2652 Sattagydas,
1374 2596 1710 2649 Arachosiam,
1743 2594 1905 2649 Sacas,

342 2664 520 2707 Macas.

453 2737 575 2781 Cum
608 2740 762 2794 priore
785 2740 902 2784 haec
933 2743 1179 2799 inscriptio
1206 2744 1441 2787 consentit
1471 2743 1521 2786 in
1541 2743 1776 2799 plurimis,
1808 2744 1904 2800 pri-

340 2824 472 2853 mam
519 2815 705 2867 partem
756 2827 784 2855 a
836 2814 968 2858 Susis
1021 2817 1082 2859 ad
1132 2818 1422 2873 Aegyptum,
1456 2818 1772 2873 pertinentem
1826 2831 1906 2861 ex-

341 2883 474 2927 hibet
503 2886 705 2928 eandem
734 2886 907 2940 serem)
968 2888 1191 2933 Secunda
1222 2904 1336 2934 vero
1381 2893 1515 2946 parte
1559 2891 1804 2935 difficilius
1836 2893 1908 2934 est

337 2957 617 3011 dignoscere
650 2960 765 3014 quid
808 2961 898 3003 sibi
929 2962 1132 3005 voluerit
1172 2964 1495 3020 inscriptionis
1530 2967 1706 3007 auctor.
1766 2963 1896 3008 Nam
