2101 3481
999 362 1045 366 -
1110 344 1134 381 ὅ
1197 362 1248 366 —

344 468 595 510 Hecataeo.
667 465 843 507 Tamen
891 463 982 506 hac
1032 476 1084 505 re
1133 461 1255 505 nihil
1305 461 1509 505 efficitur
1555 465 1722 506 contra
1771 462 1908 505 illam

346 540 626 596 opinionem,
664 551 777 580 nam
807 538 1129 590 Anaxagorae
1159 535 1294 587 liber,
1329 535 1378 578 in
1410 549 1504 591 quo
1536 536 1595 579 de
1624 535 1738 579 Nilo
1770 536 1911 579 locus-

343 614 421 656 ’1113
451 612 699 667 legebatur
729 612 835 666 post
867 608 935 652 Ol.
961 612 1026 662 78,
1054 613 1073 651 1
1108 608 1254 662 (4680‘7
1288 621 1328 651 a.
1353 607 1462 652 Chr.
1492 610 1555 661 n.)
1587 609 1742 653 editus
1774 609 1908 652 vide-

344 690 420 728 tur
469 698 581 738 esse,
634 684 769 736 (Mar.
803 682 906 725 Par.
952 681 1021 724 Ol.
1058 684 1122 735 78,
1158 685 1193 725 1.
1253 680 1374 724 Plin.
1407 695 1451 724 n.
1484 681 1528 725 h.
1571 682 1621 725 II
1665 683 1762 735 149)
1815 695 1911 734 quov

342 763 552 814 tempore
573 758 758 813 priscus
780 755 955 798 Milesii
985 755 1107 798 liber
1129 754 1315 797 dudum
1344 754 1522 798 talibus
1546 754 1605 798 de
1635 756 1779 799 rebus
1808 756 1909 799 iam

342 845 437 874 non
481 829 835 881 consulebatur3
885 831 1133 887 praeterea-
1174 830 1315 884 poeta
1360 828 1417 871 de
1459 829 1598 872 terris
1636 831 1682 872 et
1721 829 1912 882 incolis,

342 918 490 957 neque
522 917 634 947 vero
667 904 724 946 de
767 902 1103 946 remotioribus
1142 902 1378 946 eiusmodi
1408 903 1565 956 rebus,
1598 903 1770 955 quibus
1800 916 1911 959 per-

344 977 597 1033 spiciendis
647 975 921 1033 philosophi
962 988 1158 1031 operam
1201 975 1384 1029 darent,
1426 975 1724 1019 Hecataeum
1766 990 1909 1020 suum

344 1051 517 1094 adibat.
578 1049 745 1106 Neque
789 1052 915 1093 recte
956 1049 1210 1103 iudicetur,
1263 1049 1393 1106 quod
1434 1050 1482 1092 in
1525 1063 1624 1092 una
1664 1064 1716 1094 re
1759 1051 1820 1094 ab
1853 1063 1911 1093 eo

345 1125 625 1177 dissentiret,
678 1137 769 1176 qua
811 1123 1006 1179 plurimi
1049 1125 1163 1166 tunc
1212 1122 1434 1166 homines
1487 1123 1804 1177 dissentirent,
1858 1126 1909 1166 ut

342 1197 614 1242 Herodotus
647 1197 711 1242 (Π
743 1199 811 1245 22)
849 1200 1060 1249 testatur,
1093 1196 1198 1239 fieri
1238 1200 1433 1253 propter
1462 1197 1513 1240 id
1553 1210 1651 1240 non
1680 1199 1908 1254 potuisse,

342 1276 394 1315 ut
435 1271 682 1329 permultis
732 1274 894 1314 tamen
945 1271 1051 1314 aliis
1092 1271 1237 1314 rebus
1269 1271 1371 1313 eius
1421 1271 1625 1325 vestigia
1655 1274 1907 1327 premeret.

456 1345 565 1389 Non
596 1346 792 1388 maioris
822 1345 1051 1387 momenti
1083 1347 1153 1387 est
1183 1344 1309 1396 quod
1339 1343 1609 1399 Aeschylus
1630 1343 1911 1388 Promethe-

345 1420 574 1472 31111844)
626 1422 669 1462 et
710 1419 870 1461 Danai
918 1418 1044 1461 filias
1076 1417 1261 1474 (Suppl.
1296 1418 1394 1469 299)
1439 1417 1497 1461 de
1541 1416 1738 1462 Canobo
1788 1419 1915 1462 urbe

345 1494 587 1546 loquentes
619 1493 744 1545 facit,
778 1505 887 1535 cum
917 1491 1190 1535 Hecataeus
1223 1505 1331 1534 eam
1361 1504 1390 1533 a
1419 1490 1627 1534 Menelai
1668 1492 1911 1546 guberna-

342 1571 444 1610 tore
494 1567 791 1609 nominatam
834 1579 935 1608 esse
977 1565 1212 1617 tradat.¹1)
1279 1564 1444 1617 Neque
1493 1578 1607 1608 vero
1656 1565 1915 1620 ignoratur

344 1641 653 1697 posteriorem
690 1639 859 1682 Danao
895 1638 1170 1682 Menelaum
1206 1638 1365 1682 fuisse.
1426 1638 1656 1681 Aetatum
1688 1638 1912 1683 differen-

347 1715 435 1757 tias
465 1714 558 1767 ille,
590 1716 641 1755 ut
670 1715 822 1769 poeta,
853 1726 950 1755 non
981 1712 1123 1755 valde
1157 1713 1370 1756 curabat.
1385 1714 1434 1763 12)

455 1787 725 1830 Hecataeus
759 1786 827 1838 (fr.
863 1788 961 1840 3502)
992 1785 1355 1841 Themiscyram
1385 1785 1635 1842 planitiem
1666 1777 1758 1826 ἀπὸ
1786 1785 1914 1837 χαδι-

344 1858 439 1915 σιής
470 1859 585 1913 μέχρι
627 1855 930 1912 Θερμώδοντος
960 1860 1197 1916 pertinere
1236 1859 1361 1902 dicit.
1426 1858 1573 1902 Cuius
1603 1859 1699 1902 loci
1728 1872 1913 1902 memo·-

343 1936 417 1978 ria
456 1934 698 1990 Aeschylo
743 1934 997 1977 obversata
1044 1933 1233 1977 videtur
1275 1946 1390 1986 esse,
1436 1946 1546 1976 cum
1587 1933 1911 1986 Amazonum,

347 2008 480 2052 sedes
512 2009 626 2064 ipsis
657 2008 752 2051 illis
783 2008 1061 2062 regionibus
1091 2021 1189 2050 non
1221 2020 1337 2061 esse,
1370 2007 1454 2050 sed
1475 2006 1662 2050 futuras
1694 2019 1797 2050 3333
1828 2020 1912 2050 ex-

346 2084 541 2138 poneret
585 2081 1027 2138 (Prom.7·21sqq.).
1091 2079 1195 2133 Quo
1239 2081 1345 2124 1000
1391 2093 1501 2124 011111
1542 2082 1761 2136 tempora
1810 2082 1910 2123 tam

347 2156 597 2210 diligenter
641 2155 915 2210 distinguat,
961 2155 1087 2207 quod
1131 2154 1194 2198 ad
1234 2167 1466 2211 personas
1518 2166 1630 2196 suas
1678 2154 1748 2197 ibi
1788 2153 1911 2196 nihil

347 2230 537 2271 omnino
583 2229 795 2284 pertinet,
839 2229 1084 2285 scriptoris
1129 2227 1382 2271 cuiusdam
1429 2227 1577 2271 fidem
1625 2241 1736 2270 eum
1778 2228 1913 2279 sequi

348 2303 564 2358 suspicio.
626 2302 697 2345 De
749 2302 1059 2357 genealogiae
1104 2302 1311 2354 quodam
1362 2304 1556 2345 auctore
1605 2301 1911 2357 potissimum

350 2376 657 2430 cogitandum
689 2378 768 2419 est.
828 2376 990 2419 Totius
1034 2378 1194 2419 autem
1235 2375 1366 2419 illius
1409 2375 1726 2419 enarrationis
1759 2377 1909 2427 tenor,

349 2462 439 2502 qua
459 2448 771 2492 Prometheus
791 2450 905 2492 ι10111
935 2449 1067 2493 viam
1096 2449 1469 2506 perpetrandam
1491 2448 1730 2502 describit,
1752 2449 1916 2503 magis

352 2522 628 2566 historicum
659 2537 804 2579 quam
836 2524 1025 2580 epicum
1054 2523 1235 2566 fontem
1264 2523 1441 2579 resipit.
1492 2522 1749 2566 Praeterea
1778 2522 1830 2566 in
1855 2535 1912 2565 ea

350 2596 664 2651 descriptione
694 2611 737 2639 V.
771 2600 853 2639 724
883 2595 1043 2638 πόντου
1075 2593 1386 2652 Σαλμυδησσία
1428 2591 1592 2651 γνάθος
1621 2608 1917 2639 commenm-

351 2671 496 2723 ratur,
529 2683 647 2725 quae
674 2683 766 2712 vox
799 2672 959 2714 versui
988 2671 1266 2714 hexametro
1297 2684 1394 2713 non
1424 2670 1572 2713 inseri
1600 2671 1768 2726 potest,
1801 2682 1913 2713 cum

352 2742 510 2786 brevis
548 2757 570 2782 υ
612 2743 733 2786 inter
776 2744 895 2786 duas
938 2744 1108 2799 longas
1151 2744 1363 2800 syllabas
1406 2743 1561 2800 posita
1603 2743 1674 2786 sit.
1689 2743 1737 2795 13)
1798 2741 1912 2786 Non

354 2815 518 2859 dubito
547 2816 706 2870 igitur,
747 2817 857 2870 quin
895 2818 942 2860 in
974 2817 1065 2861 hac
1110 2831 1293 2872 quoque
1332 2817 1608 2864 narratione
1638 2815 1915 2872 Aeschylus

353 2902 382 2930 a
410 2888 707 2945 logographo
750 2891 955 2946 pendeat
997 2905 1136 2945 quem
1179 2891 1238 2936 de
1281 2891 1450 2935 eadem
1479 2904 1531 2934 re
1561 2891 1712 2934 verba
1740 2889 1910 2934 fecisse

353 2975 411 3004 ex
441 2961 560 3015 loco,
594 2962 650 3005 de
683 2976 771 3014 quo
804 2976 947 3019 supra
971 2964 1165 3018 dictum,
1197 2964 1428 3008 videmus
1483 2962 1615 3015 Quae
1635 2963 1916 3007 Herodotus
