2127 3507
319 1176 381 1241 In
410 1197 640 1255 Aeschyli
660 1198 819 1242 Persis
850 1201 902 1241 ut
932 1198 1107 1242 chorus
1137 1199 1304 1255 primis
1335 1200 1553 1244 versibus
1585 1201 1765 1244 exerci-

193 1275 300 1315 tum
331 1285 442 1316 cum
463 1285 574 1328 rege
604 1273 703 1315 iam
725 1272 809 1315 diu
837 1271 1104 1328 profectum
1123 1273 1331 1316 necdum
1363 1272 1515 1316 ullum
1545 1274 1767 1317 nuntium

196 1346 397 1400 redisse,
434 1345 678 1402 praefatus
719 1348 790 1389 est
819 1345 997 1398 (1—15)
1035 1346 1213 1390 ducum
1250 1349 1296 1390 et
1324 1346 1612 1403 populorum
1642 1346 1767 1391 mili-

194 1420 404 1463 tantium
424 1420 621 1462 nomina
640 1419 912 1475 perlustrat.
961 1418 1105 1463 Hunc
1137 1421 1343 1475 agminis
1374 1434 1638 1475 recensum,
1671 1433 1767 1477 qua

194 1494 407 1537 maxime
439 1494 559 1536 serie
589 1495 731 1549 poeta
759 1495 918 1549 partes
950 1495 1313 1548 consummarit,
1345 1494 1515 1538 eadem
1543 1494 1624 1538 hic
1654 1495 1765 1538 sub—

193 1567 475 1621 iungemus:

314 1638 457 1694 Susa,
499 1639 753 1683 Ecbatana
795 1639 898 1694 (16),
941 1636 1127 1681 Κίσσιον
1168 1637 1288 1695 ἕρκος
1329 1641 1435 1696 (17),
1477 1641 1618 1685 Nilus
1662 1642 1764 1695 (35),

196 1712 440 1769 Memphis
462 1714 563 1767 (37),
594 1713 784 1757 Thebae
806 1714 908 1768 (39),
941 1709 1189 1767 ἑλειοβάται
1210 1712 1355 1767 ἐρέται
1377 1715 1480 1769 (40),
1511 1714 1638 1771 Lydi
1659 1715 1764 1769 (42),

197 1786 378 1831 Sardes
410 1787 518 1840 (47),
549 1786 702 1830 Tmoli
733 1787 924 1831 accolae
958 1789 1066 1842 (51),
1104 1788 1231 1844 Mysi
1263 1788 1372 1842 (54),
1411 1788 1631 1845 Babylon
1664 1789 1767 1843 (54),

196 1856 244 1900 το
277 1855 604 1915 μαχαιροφόρον
639 1856 767 1909 ἔθνος
801 1858 849 1901 ἐκ
886 1856 1032 1917 πάσης
1069 1854 1223 1911 Ἀσίας
1254 1862 1359 1916 (58).
1422 1861 1577 1914 Quem
1613 1864 1767 1917 regio-

193 1934 564 1977 numordinem
594 1936 770 1978 temere
807 1948 894 1979 nec
926 1937 1053 1979 certo
1085 1935 1283 1979 consilio
1321 1936 1381 1980 ab
1412 1935 1653 1992 Aeschylo
1686 1937 1767 1980 ob-

194 2010 445 2050 servatum
477 2008 714 2062 crederes,
757 2009 851 2051 nisi
893 2023 951 2052 ex
989 2008 1082 2052 alio
1113 2009 1375 2053 Persarum
1410 2009 1515 2052 loco
1548 2009 1766 2062 eluceret,

192 2094 307 2123 eum
339 2094 486 2137 quam
516 2082 813 2125 strictissime
844 2084 1008 2137 gentes
1041 2083 1103 2125 ad
1123 2085 1362 2126 terrarum
1394 2084 1511 2126 situs
1544 2083 1767 2139 deinceps

192 2167 492 2198 enumerare.
559 2154 689 2197 Nam
731 2156 854 2198 sicut
894 2156 1069 2199 umbra
1098 2156 1246 2200 Darei
1288 2157 1350 2200 ad
1391 2157 1568 2200 inferos
1613 2157 1765 2211 rediit,

193 2227 370 2271 chorus
405 2229 609 2283 quantas
636 2228 716 2271 ille
747 2241 823 2271 res
846 2229 1105 2273 adjuvante
1135 2230 1329 2273 fortuna
1349 2231 1551 2284 gesserit
1582 2231 1765 2274 cantico

193 2300 422 2344 celebrat.
485 2299 669 2352 Quibus
706 2302 932 2345 laudibus
970 2303 1302 2359 exemplorum
1337 2304 1611 2347 firmitatem
1650 2304 1766 2347 alla-

189 2376 330 2417 turus
370 2373 554 2416 insulas
598 2377 643 2417 et
680 2375 824 2419 urbes
853 2375 1049 2419 Jonicas
1090 2377 1150 2420 ab
1188 2377 1271 2419 illo
1313 2378 1537 2420 subactas
1573 2391 1766 2421 enume-

192 2449 280 2490 rat.
355 2447 514 2503 Atque
558 2448 769 2503 primum
813 2450 1206 2504 septentrionales
1236 2449 1466 2494 Thraciae
1509 2463 1660 2507 usque
1703 2451 1767 2495 ad

193 2519 406 2563 Pontum
446 2520 694 2563 Euxinum
730 2522 949 2576 regiones
992 2522 1129 2565 affert
1171 2523 1420 2577 (858—66),
1464 2526 1577 2567 tunc
1613 2524 1766 2580 Aegei

191 2594 343 2637 maris
380 2594 565 2637 insulas
603 2595 1040 2650 praestantissimas
1076 2596 1162 2638 tali
1199 2596 1386 2651 ordine,
1425 2611 1518 2653 quo
1554 2598 1764 2654 primum

193 2667 449 2710 meridiem
490 2680 677 2722 versus,
727 2668 994 2711 secundum
1037 2682 1173 2712 oram
1213 2669 1496 2724 Asiaticam,
1547 2670 1762 2723 ducatur,

194 2737 412 2783 Lesbum
448 2740 649 2785 Samum
680 2740 854 2785 Chium
885 2742 1117 2796 nominet,
1156 2742 1219 2785 ad
1250 2743 1363 2786 solis
1396 2757 1620 2788 occasum
1652 2744 1763 2788 inde

195 2811 414 2856 deflexus
456 2813 661 2869 Parum,
710 2814 931 2869 Naxum,
975 2815 1238 2872 Myconum
1285 2816 1491 2871 Tenum,
1539 2817 1763 2860 Andrum

193 2884 372 2939 laudet,
404 2885 610 2944 denique
632 2887 864 2932 Graeciae
894 2888 1036 2932 litora
1066 2892 1256 2933 secutus
1287 2891 1459 2933 iterum
1490 2891 1762 2946 aquilonem

193 2959 342 3013 petat,
391 2961 444 3002 ut
485 2952 713 3014 ἀγχιάλους
753 2957 990 3013 μεσάκτους
1030 2961 1362 3020 Lemnumque
1411 2966 1761 3017 commemoret,

194 3033 437 3086 postremo
468 3046 554 3088 per
574 3034 781 3078 Icariam
802 3037 848 3078 et
875 3048 978 3078 eam
1002 3035 1148 3079 Asiae
1178 3039 1361 3093 partem
1391 3038 1519 3081 unde
1551 3038 1760 3080 detinue-

1538 3105 1553 3138 1
