2101 3481
946 360 1224 399 —2’8—

309 489 536 546 posterior
580 486 641 528 ad
684 485 780 526 vim
816 482 1017 538 pertinet
1061 480 1141 533 (de
1180 491 1275 534 qua
1312 477 1459 521 schol.
1498 476 1671 520 Aesch.
1705 474 1870 531 Suppl.

309 566 416 614 919).
483 558 703 602 Nauckio
739 557 872 599 locus
911 554 1158 597 obscurior
1200 551 1475 604 videbatur,
1517 549 1775 603 immeritO,
1817 549 1871 590 ut

305 638 429 691 puto.
489 632 577 675 [llo
621 624 703 670 κάκ
748 628 878 669 τῶνδε
911 626 1140 681 Aeschyli
1181 624 1494 680 significatur,
1539 625 1682 666 antea
1712 622 1770 666 de
1801 622 1874 665 eis

308 709 485 750 dictum
516 717 634 756 esse,
672 717 729 745 ex
762 702 930 754 quibus
972 701 1134 742 vinum
1165 698 1286 741 illud
1323 699 1685 753 compararetur
1714 707 1873 751 neque

306 780 582 830 errabimus,
615 777 654 819 si
674 775 903 819 Hecataei
933 774 1081 816 verba
1112 772 1256 815 citata
1288 767 1358 823 (fr.
1394 773 1493 822 1:23)
1525 770 1870 827 supplebimus,

308 853 436 904 Quae
457 850 725 894 Hecataeus
760 850 860 905 ipse
896 847 953 890 de
983 846 1338 902 comparatione
1371 847 1416 888 et
1446 844 1504 887 de
1536 844 1585 887 vi
1614 843 1873 886 hordeacei

304 925 567 977 tradiderit,
612 923 765 965 eidem
801 919 1031 975 Aeschyli
1074 933 1132 962 ex
1168 917 1393 974 Lycurgo
1430 929 1599 961 versus
1642 917 1693 959 ni
1728 915 1874 959 fallor

307 1000 486 1050 docent,
518 998 584 1039 ita
613 999 665 1037 ut
695 996 744 1037 in
775 995 1156 1049 fragmentorum
1187 991 1550 1035 collectionibus
1585 990 1704 1033 alter
1735 989 1875 1032 alteri

304 1073 435 1115 locus
465 1073 518 1113 ut
553 1069 878 1112 testimonium
916 1067 975 1109 sit
1013 1065 1362 1120 adiungendus.
1423 1063 1680 1107 Praeterea
1709 1063 1872 1106 nescio

309 1159 366 1188 an
401 1146 552 1186 10111111
572 1141 803 1185 Herodoti
836 1141 995 1183 locum
1017 1139 1065 1182 Π
1088 1142 1109 1180 Τ
1118 1143 1139 1181 7
1171 1138 1403 1181 Hecataei
1423 1137 1694 1192 fragmento
1717 1136 1874 1180 eidem

307 1217 582 1260 addendum
614 1228 716 1258 esse
747 1216 872 1258 recte
903 1213 1152 1256 iudicetur.
1213 1211 1304 1255 Illo
1342 1211 1471 1254 enim
1499 1211 1606 1254 loco
1639 1208 1875 1265 singulari

305 1291 534 1334 brevitate
557 1289 614 1332 de
638 1288 859 1331 omnibus
880 1287 1024 1330 rebus
1045 1286 1205 1340 agitur
1225 1286 1292 1328 ita
1312 1287 1366 1328 ut
1387 1285 1698 1341 suspicemur,
1719 1282 1875 1327 Hero-

307 1364 471 1407 dotum
490 1376 585 1405 non
607 1362 815 1417 primum
838 1373 952 1413 esse,
985 1360 1067 1416 qui
1087 1359 1247 1402 tradat
1269 1372 1326 1402 ea
1349 1359 1422 1407 (cf.
1446 1357 1528 1401 VI.
1553 1360 1620 1412 55,
1641 1357 1729 1400 III.
1755 1357 1874 1408 1031)

420 1484 449 1531 7)
484 1481 550 1525 Cf.
585 1481 817 1526 Steinium
855 1480 916 1522 ad
948 1479 1060 1522 Her.
1093 1479 1143 1522 Π
1178 1481 1269 1522 114.
1314 1478 1466 1521 Miror
1498 1491 1594 1533 qua
1634 1476 1692 1520 de
1725 1488 1874 1519 causa

305 1568 443 1598 nemo
475 1554 631 1597 adhuc
664 1554 721 1596 de
742 1553 975 1606 Theonoe,
1008 1566 1130 1608 quae
1157 1553 1208 1595 in
1228 1551 1475 1607 Euripidis
1502 1549 1692 1593 Helena
1711 1548 1875 1592 Protei

307 1629 431 1683 regis
474 1641 607 1670 soror
650 1629 735 1679 est,
782 1626 1002 1681 cogitarit
1044 1626 1179 1669 cuius
1218 1625 1365 1668 solius
1403 1624 1583 1667 auxilio
1623 1622 1874 1666 Menelaus

309 1715 417 1745 cum
447 1715 594 1743 uxore
624 1700 787 1755 fugere
820 1701 983 1755 potest.
1035 1698 1167 1743 Sicut
1199 1699 1326 1742 enim
1355 1697 1533 1741 Thonis
1565 1697 1696 1753 apud
1721 1695 1876 1740 Hero-

310 1775 475 1818 dotum
505 1775 607 1829 regi
637 1774 846 1816 studiose
877 1776 1042 1816 narrat
1067 1771 1403 1815 Alexandrum
1435 1771 1616 1824 adesse,
1647 1771 1716 1813 ita
1746 1769 1876 1826 apud

316 1847 589 1903 Euripidem
618 1847 836 1890 Theonoe
874 1847 1069 1889 retineri
1106 1846 1187 1888 vix
1221 1848 1396 1902 potest,
1435 1845 1549 1900 quin
1583 1843 1746 1887 omnia
1774 1843 1879 1898 regi

311 1921 491 1977 prodat,
525 1934 644 1977 quae
680 1924 786 1976 post
817 1920 1024 1964 Menelai
1055 1920 1317 1963 adventum
1352 1919 1482 1962 facta
1517 1918 1613 1960 sint
1643 1918 1740 1970 (821
1774 1929 1877 1973 sqq.

315 1994 513 2046 Nauck).
557 1994 701 2050 Apud
722 1994 987 2037 Homerum
1009 1996 1170 2037 autem
1190 1993 1367 2036 Thonis
1389 2005 1512 2035 uxor
1531 1991 1748 2034 Helenae
1767 1990 1876 2034 her-

311 2068 396 2111 bas
440 2067 653 2111 salubres
695 2068 840 2110 tra-dit
882 2067 924 2118 (ὁ
954 2071 1053 2119 228)
1086 2067 1402 2123 Polydamna,
1447 2079 1569 2122 quae
1601 2064 1874 2108 similitudi—

314 2155 420 2183 uem
452 2141 696 2196 quandum
734 2155 843 2183 011111
879 2141 963 2184 illa.
992 2141 1190 2184 fatidica
1227 2154 1323 2183 anu
1353 2139 1599 2195 Euripidis
1636 2138 1880 2195 praeferre

314 2213 430 2256 mihi
471 2214 669 2257 videtur.
736 2214 868 2258 Haec
910 2215 1056 2269 igitur
1097 2217 1150 2257 ut
1190 2214 1390 2257 Homeri
1427 2213 1572 2260 Θῶνος
1614 2206 1881 2265 παράκοιτις

316 2288 478 2329 ‹livina
513 2288 744 2343 sapientia
784 2288 1016 2343 praedita,
1053 2291 1106 2331 ut
1136 2287 1369 2331 Herodoti
1398 2286 1576 2330 Thonis
1612 2285 1879 2342 hospitibus

319 2360 506 2413 infesta,
548 2361 680 2403 initio
713 2361 929 2416 quidem,
974 2364 1042 2404 est
1079 2364 1124 2404 et
1159 2361 1375 2404 medium
1410 2360 1689 2403 versionum
1718 2358 1881 2402 locum

320 2434 439 2474 inter
473 2436 725 2489 utrumque
763 2436 899 2477 tenet.
961 2435 1259 2479 Hecataeum
1297 2447 1486 2490 quoque
1525 2433 1584 2476 de
1614 2432 1802 2476 Helena
1830 2433 1881 2475 in

321 2507 534 2561 Aegypto
581 2510 769 2549 versata
815 2508 990 2551 dixisse
1039 2509 1249 2564 primum
1287 2508 1497 2551 Dielsius
1528 2506 1578 2559 (1.
1616 2506 1671 2559 0.)
1705 2505 1880 2549 docuit.

322 2582 475 2630 Quam
518 2580 818 2623 traditionem
864 2582 900 2623 is
933 2584 1121 2624 secutus
1163 2583 1223 2625 sit
1265 2581 1455 2624 definiri
1491 2581 1574 2623 vix
1609 2581 1764 2636 potest
1793 2593 1885 2623 1100

322 2655 551 2707 quantum
593 2655 851 2708 pertinuert
894 2655 993 2697 eius
1037 2655 1248 2698 narratio
1290 2654 1354 2697 ad
1383 2653 1614 2709 Aeschyli
1655 2653 1883 2696 Proteum

323 2725 476 2776 liquet.

439 2827 470 2878 8)
501 2826 770 2869 Herodotus
820 2828 867 2871 11
923 2833 987 2883 92,
1021 2831 1078 2873 <10
1128 2829 1274 2886 byblo
1327 2819 1427 2884 agit
1474 2830 1541 2872 ita
1591 2829 1787 2885 quidem
1831 2829 1886 2870 ut

326 2899 476 2942 obiter
508 2899 647 2955 plane
684 2901 783 2943 eius
818 2916 956 2945 usum
987 2903 1191 2959 explicet
1234 2902 1395 2955 (Stein.
1429 2916 1468 2945 a.
1501 2902 1563 2956 1.),
1607 2902 1737 2946 1111ᾶο
1780 2915 1885 2944 sus-

330 2973 477 3027 picari
512 2972 631 3019 licet,
677 2974 889 3015 consulto
923 2978 1105 3018 tantam
1138 2977 1422 3019 brevitatem
1455 2975 1711 3031 placuisse,
1755 2974 1886 3031 quod
