2101 3492
853 412 902 415 -.
966 390 989 429 3
1051 411 1102 414 -

192 526 387 570 gressus
429 514 507 566 sit,
550 525 644 569 quo
685 512 783 555 fere
823 512 967 555 modo
1002 512 1185 555 insulas
1219 511 1430 556 Graecas
1467 515 1519 555 ut
1550 513 1756 557 vidimus

193 587 502 631 enumeravit.
545 584 820 629 Herodotus
844 585 1128 642 populorum
1148 584 1454 629 Persicorum
1474 588 1659 642 partem
1688 588 1753 630 ita

190 660 449 718 perlustrat
477 662 531 702 ut
561 659 621 703 ab
644 659 928 702 occidentali
958 657 1111 702 Asiae
1128 659 1358 702 citerioris
1388 659 1608 703 litoribus
1638 660 1756 705 inci-
1782 718 1788 720 ξ

190 735 292 791 piat
322 735 368 777 et
404 733 627 789 deinceps
663 746 814 789 usque
850 734 900 775 in
930 733 1213 776 Armeniam
1251 735 1295 775 et
1324 732 1587 776 Matienam
1623 747 1755 778 acce-

192 807 286 857 dat,
316 809 371 850 ut
388 806 574 849 homini
595 804 779 849 Graeco
800 807 1009 848 maxime
1032 807 1405 848 consentaneum
1432 809 1543 849 erat.
1596 806 1756 864 Siquis

191 881 605 936 obiiciatpoetam
635 893 693 922 ex
726 880 884 922 animo
911 892 1227 934 personarum
1258 892 1456 922 suarum
1484 879 1617 936 loqui
1646 881 1755 924 bar-

188 955 417 1010 barisque
448 952 573 998 Susa
609 955 751 1008 caput
791 952 961 995 mundi
1002 953 1161 994 visum
1203 965 1323 1005 esse,
1366 953 1755 1008 respondendum

189 1029 272 1081 est,
303 1026 600 1082 Aeschylum
630 1025 790 1069 Persis
821 1026 919 1068 suis
949 1025 1170 1081 plurimis
1205 1026 1254 1068 in
1286 1026 1428 1069 rebus
1461 1026 1756 1070 Graecorum

188 1113 346 1143 mores
368 1102 414 1143 et
433 1099 802 1143 consuetudines
824 1099 1067 1141 insinuare
1088 1099 1138 1141 in
1161 1099 1430 1155 divinisque
1451 1100 1595 1143 rebus
1618 1113 1755 1143 suam

191 1174 324 1226 sequi
353 1173 647 1228 religionem.

301 1246 535 1290 Nonnihil
577 1246 641 1289 ad
680 1246 820 1288 illum
869 1246 1087 1288 ordinem
1135 1245 1475 1301 explicandum
1518 1247 1753 1302 pertinere

187 1324 316 1377 puto,
349 1320 466 1376 quid
485 1320 683 1362 rationis
702 1320 825 1362 inter
845 1318 1142 1362 Hecataeum
1173 1323 1217 1361 et
1238 1319 1534 1375 Aeschylum
1565 1321 1754 1364 exstite-

187 1395 249 1437 rit
284 1394 544 1450 inquirere,
588 1406 685 1449 qua
727 1393 784 1435 de
824 1406 873 1435 re
916 1393 967 1435 ni
1006 1392 1148 1435 fallor
1189 1394 1371 1448 primus
1402 1393 1612 1436 Dielsius
1643 1395 1752 1449 egit,

190 1468 273 1523 qui
303 1481 361 1510 ex
406 1480 640 1510 consensu
676 1466 893 1509 locorum
925 1466 1230 1521 quorundam
1267 1466 1472 1509 alterum
1509 1480 1567 1509 ex
1603 1467 1752 1510 altero

187 1540 386 1584 haerere
418 1540 621 1595 collegit.
640 1542 672 1593 ³³1)

307 1613 577 1670 Stephanus
613 1613 873 1669 Byzantius
917 1627 950 1656 s.
990 1628 1032 1656 v.
1078 1610 1234 1668 Μηδία
1276 1613 1368 1656 hoc
1410 1614 1570 1657 refert:
1615 1609 1752 1669 Χώρα

188 1690 287 1736 ταῖς
327 1684 559 1736 Κασπίαις
601 1685 899 1742 παρακειμένη
951 1682 1130 1735 πύλαις·
1177 1679 1414 1736 (Εκαταῖος
1452 1680 1604 1742 Ἀσίᾳ·
1659 1679 1749 1729 clar)

187 1761 347 1816 Μήδου
390 1757 484 1802 υἱοῦ
525 1757 740 1814 Μηδείας.
805 1760 948 1804 Hunc
979 1760 1178 1803 Medum
1222 1761 1543 1804 barbarorum
1574 1764 1751 1804 terram

188 1836 433 1890 subegisse
453 1847 710 1891 pugnaque
733 1836 899 1877 contra
919 1834 1065 1877 Indos
1087 1834 1215 1877 facta
1235 1834 1463 1877 cecidisse
1485 1835 1533 1877 in
1553 1835 1750 1891 Apollo-

186 1908 294 1952 dori
323 1907 462 1964 (quae
499 1908 713 1960 vocatur)
757 1907 1049 1951 bibliotheca
1077 1907 1101 1950 I
1132 1911 1169 1961 9,
1208 1911 1281 1961 27,
1316 1908 1535 1951 traditur.
1594 1908 1750 1952 Heca-

183 1984 347 2025 taeum
393 1984 552 2024 autem
602 1981 716 2024 artis
767 1981 1112 2036 etymologicae
1162 1981 1566 2024 studiosissimum
1606 1982 1753 2025 fuisse

187 2058 384 2109 constat,
417 2055 491 2109 (cf.
523 2055 657 2098 Diels
678 2054 707 2097 l.
732 2068 768 2098 c.
792 2068 835 2110 p.
858 2055 975 2107 441),
1007 2055 1075 2097 ita
1103 2058 1157 2097 ut
1187 2069 1244 2098 ex
1265 2054 1357 2098 hoc
1388 2057 1592 2098 mutuati
1622 2055 1752 2098 vide—

187 2132 329 2173 antur
359 2142 474 2182 esse,
508 2129 565 2172 de
586 2128 718 2172 Medi
747 2129 892 2184 gestis
919 2128 1123 2184 fatisque
1153 2129 1238 2172 illa
1269 2130 1540 2185 quicunque
1564 2143 1755 2185 compo-

187 2205 385 2246 suerunt
414 2202 486 2256 (fr.
522 2206 599 2244 171
631 2202 726 2252 M).
787 2202 958 2245 Poetas
996 2203 1077 2258 qui
1106 2202 1282 2245 fuerint
1320 2205 1427 2245 ante
1458 2202 1755 2246 Hecataeum

188 2289 298 2319 cum
340 2276 398 2319 de
440 2275 614 2319 Medea
653 2275 910 2331 liberisque
953 2276 1054 2318 eius
1098 2279 1293 2329 agerent
1334 2276 1455 2318 nihil
1498 2276 1555 2319 de
1591 2275 1755 2320 Media

186 2351 316 2392 terra
359 2350 592 2404 cogitasse
639 2348 909 2392 Pausaniae
951 2349 1056 2392 loco
1101 2350 1215 2391 satis
1259 2350 1490 2404 probatur
1528 2349 1592 2402 (ll
1622 2351 1660 2403 3,
1693 2352 1751 2403 7),

155 2419 280 2478 ‘quo
329 2423 540 2478 primum
588 2424 813 2464 narratur
861 2422 1122 2465 secundum
1172 2421 1473 2465 Herodotum
1525 2422 1637 2474 (VII
1680 2425 1750 2473 62)

187 2494 410 2539 Medeam
432 2495 635 2538 Athenis
666 2496 715 2538 in
736 2495 906 2538 Asiam
935 2494 1195 2549 fugientem
1224 2494 1443 2538 homines
1474 2496 1582 2538 illos
1615 2509 1673 2539 ex
1701 2509 1749 2539 se

188 2568 355 2611 Medos
375 2569 662 2622 nominasse,
693 2568 847 2613 filium
870 2570 1029 2611 autem
1059 2568 1130 2611 illi
1155 2567 1301 2611 fuisse
1327 2569 1518 2611 nomine
1540 2569 1751 2620 Medun13

190 2640 362 2685 deinde
382 2641 689 2686 Hellanicum
710 2654 820 2684 eum
839 2640 993 2684 filium
1016 2641 1280 2697 appellasse
1293 2641 1606 2697 Polyxenum.
1640 2642 1750 2685 Non

191 2714 391 2758 dubium
422 2716 621 2768 videtur,
653 2715 767 2771 quin
789 2714 1071 2757 Hellanicus
1104 2714 1192 2758 hoc
1223 2716 1273 2758 in
1301 2717 1511 2759 carmine
1544 2715 1754 2771 quodam

191 2787 323 2842 epico
352 2788 599 2842 invenerit,
630 2789 679 2831 in
702 2802 794 2844 quo
819 2788 876 2831 de
907 2791 1061 2831 terrae
1082 2789 1273 2831 nomine
1302 2788 1419 2831 nihil
1450 2790 1629 2831 dictum
1651 2802 1753 2832 esse

192 2862 354 2916 potest.
412 2860 544 2905 Tunc
581 2862 644 2904 ad
673 2862 859 2917 poetica
888 2861 1158 2904 testimonia
1186 2862 1417 2905 transitur
1446 2863 1750 2918 primumque

192 2932 463 2986 Naupactia
493 2935 698 2978 citantur
728 2935 962 2987 carmina,
993 2935 1043 2977 in
1075 2935 1248 2991 quibus
1281 2935 1374 2978 duo
1405 2935 1492 2978 filii
1522 2936 1755 2978 nominati

193 3010 320 3059 sunt,
358 3006 622 3050 Mermerus
655 3011 794 3062 atque
827 3007 1022 3057 Pheres,
1061 3021 1265 3062 quorum
1303 3008 1422 3050 alter
1460 3021 1487 3050 a
1517 3008 1651 3051 leone
1684 3008 1751 3049 la-

1515 3077 1546 3107 1.
