2101 3492
828 383 1109 423 „29—

166 505 363 561 copiose
390 504 448 547 de
472 503 718 547 eadem-re
743 503 925 546 dictum
951 505 1048 546 iam
1070 506 1192 547 esset
1210 505 1283 556 (cf.
1299 504 1408 547 adn.
1426 506 1481 557 6).
1514 505 1619 548 Iam
1633 519 1746 549 vero

175 577 445 633 Aeschylus
484 591 670 633 quoque
708 576 841 632 bybli
871 578 1161 620 mentionem
1197 578 1312 621 iacit
1347 579 1396 621 in
1428 578 1747 635 Supplicibus,

174 652 260 695 ubi
303 654 383 693 727
415 650 624 694 Danaus,
658 649 784 694 filias
828 649 1111 693 adhortatur
1152 665 1211 694 ne
1253 652 1452 694 timeant
1493 652 1745 708 Aegytios:

174 718 335 777 βύβλου
365 721 412 764 δὲ
442 718 612 778 κάρπος
653 715 702 765 οὗ
744 724 894 777 κρατεῖ
931 718 1086 774 στάχυν
1117 723 1254 778 (727);
1297 721 1393 765 ἐπεὶ
1425 721 1745 780 παπυροφάγοι

173 793 217 838 οἱ
248 791 499 851 Αἰγύπτιοι
542 797 741 840 adnotat
783 796 1053 840 scholiasta.
1114 797 1427 841 Esculentam
1463 800 1634 855 papyri
1665 813 1749 842 na-

173 873 333 914 turam
374 871 521 926 igitur
556 873 724 927 poetae
765 870 1008 925 cognitam
1042 870 1189 913 fuisse
1221 874 1437 927 apparet,
1482 873 1559 915 cui
1589 873 1745 928 potius

167 946 336 987 autem
363 943 458 987 hoc
489 943 693 987 debebat
723 956 871 1000 quam
900 942 1170 987 Hecataeo?

289 1052 320 1104 9)
354 1050 423 1095 Cf.
444 1051 615 1095 Dielsii
634 1051 846 1106 Doxogr.
869 1065 911 1107 p.
936 1055 1017 1094 226
1040 1065 1128 1108 sq.;
1158 1052 1339 1097 Seneca
1359 1053 1461 1096 und
1481 1053 1660 1107 Lucan,
1682 1054 1746 1096 in:

177 1124 571 1180 Abhandlungen
603 1124 689 1167 der
718 1124 937 1168 Berliner
966 1125 1236 1169 Akademie
1272 1129 1391 1180 1885,
1424 1140 1465 1182 p.
1501 1130 1524 1169 6
1556 1140 1649 1179 sqq.

294 1238 342 1290 ¹⁰)
372 1237 696 1281 Buechelerus
746 1237 995 1294 Supplices
1042 1242 1149 1295 post
1193 1240 1517 1295 Anaxagorae
1567 1240 1747 1283 librum

173 1312 404 1367 scriptam
435 1324 537 1354 esse
567 1313 704 1367 putat
734 1311 877 1364 (Mus
916 1311 1067 1356 Rhen.
1100 1315 1167 1367 40,
1204 1314 1323 1368 629),
1357 1314 1434 1356 cui
1465 1313 1750 1357 adversatur

166 1383 433 1438 ‘Gilbertus,
466 1385 549 1441 qui
570 1384 713 1435 (Mus.
735 1384 885 1428 Rhen.
920 1388 986 1439 28,
1009 1386 1123 1440 481),
1154 1387 1457 1442 tragoediam
1477 1388 1527 1430 in
1547 1401 1747 1431 numero

174 1458 502 1514 antiquiorum
542 1457 819 1503 habendam
851 1471 953 1502 esse
984 1462 1162 1513 monet,
1207 1460 1321 1516 quia
1359 1460 1452 1504 duo
1491 1461 1747 1504 histriones

175 1533 226 1575 in
257 1545 315 1575 ea
336 1534 484 1587 agant
504 1545 766 1588 scenaeque
787 1546 885 1575 non
917 1533 1017 1576 sine
1049 1534 1284 1588 angustiis
1308 1534 1600 1590 quibusdam
1621 1548 1749 1578 com-

172 1606 423 1661 positionis
455 1605 715 1661 dispositae
747 1606 851 1648 sint.
905 1605 1052 1649 Velut
1080 1621 1167 1649 rex
1197 1607 1431 1662 Pelasgus
1464 1623 1505 1652 v.
1539 1611 1621 1651 506
1652 1608 1750 1652 exit

173 1678 336 1735 paullo
367 1681 474 1734 post
503 1678 731 1722 Danaum
768 1679 905 1733 (486),
943 1682 1104 1723 tamen
1134 1680 1285 1723 multo
1316 1684 1424 1737 post
1453 1681 1582 1724 hunc
1614 1682 1745 1735 (580),

172 1752 274 1807 ipse
295 1752 419 1795 redit
445 1752 574 1806 (878).
626 1753 693 1795 At
723 1753 915 1796 omnino
937 1767 1032 1796 non
1068 1754 1183 1797 dicit
1205 1768 1253 1797 se
1276 1755 1421 1797 simul
1442 1769 1553 1798 cum
1573 1755 1746 1798 Danao

171 1825 457 1876 rediturum,
502 1826 587 1869 sed
630 1826 934 1870 Danaidibus
978 1828 1133 1870 anxiis
1182 1828 1304 1871 nihil
1350 1829 1608 1885 respondet
1653 1830 1748 1872 nisi

174 1890 267 1938 ἀλλ’
303 1891 395 1939 03sz
427 1894 559 1952 δαρὸν
586 1894 733 1953 χρόνον
764 1895 969 1954 ἐρημώσει
1004 1895 1149 1955 πατήρ
1180 1900 1317 1954 (499),
1344 1926 1391 1930 —
1416 1898 1497 1955 ἐγώ
1528 1899 1574 1942 δὲ
1604 1902 1740 1942 ταῦτα

170 1976 395 2025 πορσυνῶν
416 1967 644 2024 ἑλείσομαι
676 1974 806 2026 (505).
857 1973 915 2016 In
937 1974 1095 2017 animo
1118 1976 1277 2017 autem
1298 1974 1444 2018 habet
1466 1976 1746 2019 concionem

170 2058 436 2088 convocare
469 2048 514 2088 et
545 2046 730 2088 animos
762 2047 940 2089 civium
973 2047 1035 2090 ad
1066 2060 1205 2090 suam
1236 2048 1533 2091 voluntatem
1564 2051 1610 2092 et
1638 2049 1744 2092 illa-

169 2132 279 2161 rum
315 2118 519 2162 salutem
551 2133 867 2163 commovere.
928 2120 1144 2176 Apparet
1180 2134 1345 2176 regem
1380 2124 1488 2178 post
1516 2122 1743 2165 Danaum

170 2191 439 2235 rediturum
459 2206 573 2236 esse.
627 2192 717 2236 Cui
740 2207 862 2249 quae
883 2194 1114 2237 mandata
1134 2197 1245 2237 sunt
1268 2194 1497 2247 (463—67)
1530 2197 1742 2252 tempore

167 2265 318 2307 multo
356 2265 575 2317 breyiore
612 2266 779 2322 perfici
808 2269 1026 2322 possunt,
1071 2281 1217 2323 quam
1260 2282 1382 2323 quae
1424 2283 1510 2311 rex
1542 2271 1742 2312 conatur

159 2339 407 2395 consequi.
469 2338 573 2382 Rex
616 2340 700 2383 ubi
742 2340 865 2383 redit
901 2340 1042 2395 plura
1085 2354 1113 2382 a
1154 2354 1203 2383 se
1234 2341 1362 2384 facta
1399 2345 1743 2386 commemorat

167 2409 415 2454 Danidum
464 2414 622 2467 gratia
665 2415 761 2465 (921
802 2419 933 2467 sqq),
978 2427 1123 2469 quam
1167 2427 1289 2469 quae
1331 2414 1531 2458 Danaus
1575 2416 1635 2459 ab
1684 2429 1738 2459 eo

166 2486 439 2539 perpetrata
466 2489 631 2529 narrat
662 2487 762 2539 (585
786 2486 923 2542 sqq),
957 2487 1091 2529 cuius
1122 2487 1333 2542 profecto
1365 2502 1461 2531 non
1492 2490 1739 2533 interesset

168 2556 427 2612 quicquam
459 2559 519 2602 ab
551 2560 748 2614 Aigivis
780 2572 865 2614 pro
903 2559 1114 2602 filiarum
1146 2560 1297 2603 salute
1329 2562 1638 2617 impetratum
1668 2565 1737 2604 ta-

167 2641 286 2672 cere.
359 2630 541 2685 Regem
584 2635 743 2675 autem
787 2645 909 2687 quae
953 2632 998 2685 (l.
1039 2632 1099 2685 c.)
1144 2633 1201 2676 de
1246 2634 1500 2678 domiciliis
1542 2635 1736 2678 illarum

166 2702 303 2745 novis
347 2703 476 2747 dicat
524 2708 651 2749 certo
694 2720 789 2748 non
834 2718 919 2747 suo
950 2705 1104 2749 Marte
1140 2708 1416 2762 promittere
1453 2709 1536 2765 qui
1565 2722 1730 2752 vocem

165 2775 330 2830 populi·
370 2778 490 2821 tanti
530 2778 676 2821 faciat
718 2778 781 2831 (v.
821 2781 901 2820 466
947 2782 1064 2835 sqq.)
1108 2779 1279 2833 elucet3
1323 2783 1369 2823 et
1409 2782 1510 2837 ipse
1555 2782 1734 2825 civium

165 2846 462 2892 voluntatem
498 2864 548 2894 se
586 2852 851 2907 exprimere
889 2851 1004 2894 dicit
1034 2852 1166 2904 (931).
1228 2853 1456 2897 Praterea
1492 2868 1588 2897 non
1619 2858 1732 2907 erat,

167 2934 252 2963 cur
283 2935 368 2964 rex
399 2936 592 2967 scenam
623 2926 756 2980 prius
788 2925 1004 2977 intraret3
1037 2926 1153 2981 quid
1184 2928 1309 2969 enim
1343 2927 1522 2971 diceret
1552 2929 1593 2971 si
1624 2942 1731 2970 cum

165 2996 337 3040 Danao
382 2996 600 3040 rediisset
638 2998 763 3040 una?
823 2997 1034 3041 Alterius
1079 3002 1204 3042 certe
1246 3014 1447 3056 persona
1493 3001 1733 3056 superflua
