2101 3481
322 464 449 508 nach
479 463 761 506 Herodotos.
823 459 1145 514 Sitzungsber.
1180 458 1266 501 der
1296 458 1514 502 Berliner
1540 457 1811 501 Akademie
1843 457 1887 500 d.

329 535 617 581 Wissensch.
655 537 774 587 1857,
806 547 849 590 p.
886 535 976 575 125.

435 626 486 679 2⁴)
516 625 629 668 Toto
662 624 743 667 illo
771 623 926 679 operis
947 621 1210 665 Herodotei
1242 621 1347 665 loco
1369 620 1601 665 Hecataei
1631 621 1888 666 auctorita-

323 706 419 744 tem
454 698 733 756 praevalere
771 696 1212 740 animadvertimus.
1276 694 1424 739 Cuius
1461 708 1573 738 cum
1607 696 1658 738 in
1693 695 1891 752 reliquis

324 776 529 830 (praeter
560 770 842 824 secundum)
872 770 1010 813 libris
1040 768 1177 811 nulla
1205 768 1292 811 fiat
1320 769 1519 822 mentiO,
1561 769 1629 812 eis
1659 769 1890 825 partibus,

322 860 443 904 quae
476 845 534 889 de
565 845 708 888 rebus
739 844 771 888 J
774 831 934 887 onicis'
956 845 1104 898 agant
1133 843 1364 896 maxime,
1400 842 1452 885 in
1480 841 1617 886 libris
1649 843 1814 898 quinto
1846 845 1893 885 et

322 922 453 963 sexto
481 918 775 975 frequentius
798 918 899 960 eius
921 917 1126 971 vestigia
1148 915 1554 972 deprehendimus
1577 915 1650 969 (cf.
1674 915 1783 960 adn.
1807 918 1891 969 27).

323 993 423 1037 Nec
456 993 667 1035 alienum
700 993 802 1034 erat
831 1003 942 1033 eum
984 989 1042 1033 de
1079 989 1223 1033 rebus
1260 989 1355 1033 illis
1392 989 1568 1046 quibus
1598 991 1698 1032 tam
1736 989 1893 1046 splen-

320 1066 432 1109 dide
463 1067 564 1121 ipse
595 1064 876 1108 interfuerat
906 1063 1076 1107 audiri.

434 1138 659 1182 Ceterum
701 1151 794 1194 quo
836 1137 993 1192 magis
1038 1136 1124 1180 illa
1164 1137 1581 1180 enumerationum
1630 1136 1893 1181 similitudo

321 1214 563 1269 appareat,
595 1212 792 1254 nomina
821 1213 1060 1254 terrarum
1081 1212 1307 1266 excerpta
1343 1210 1708 1254 conscribentur
1736 1209 1835 1254 hic:

398 1303 487 1346 III.
521 1303 583 1346 90
606 1316 671 1357 sq.
1096 1301 1148 1345 V.
1183 1302 1254 1345 49.
1623 1301 1675 1345 V.
1709 1303 1777 1345 52.

370 1389 403 1430 Ι.
436 1388 575 1430 Iones
1054 1387 1088 1429 I.
1122 1386 1262 1430 Iones

438 1462 687 1516 Magnetes

434 1535 591 1578 Aeolii

438 1608 584 1651 Cares

439 1682 576 1738 Lycii

438 1756 610 1811 Milyes

440 1829 696 1885 Pamphyli

348 1915 406 1957 ll.
440 1914 566 1969 Mysi

438 1987 564 2042 Lydi
1550 1987 1583 2030 I.
1617 1986 1774 2042 Lydia

440 2060 637 2103 Lasonii

438 2133 626 2177 Cabalii

438 2207 697 2263 Hygennes

328 2292 406 2334 ΙΙΙ.
440 2292 756 2349 Hellespontii

436 2365 651 2421 Phryges
1015 2367 1032 2408 Ι
1040 2367 1072 2409 Ι.
1106 2366 1324 2422 Phryges
1498 2365 1556 2408 Π.
1590 2365 1806 2421 Phrygia

437 2438 642 2482 Thraces

438 2511 772 2567 Paphlagones

440 2585 747 2641 Mariandyni

441 2658 565 2713 Syrii
976 2662 1061 2704 ΠΙ.
1097 2661 1407 2723 Cappadoces
1460 2662 1544 2704 ΙΙΙ.
1579 2660 1890 2718 Cappadocia

330 2741 404 2782 lV.
440 2741 610 2785 Cilices
971 2745 1053 2788 IV.
1089 2745 1262 2789 Cilices
1469 2745 1550 2788 IV.
1586 2744 1757 2790 Cilices

356 2814 406 2855 V.
442 2814 678 2859 Phoenice

438 2888 705 2931 Palaestina

440 2960 624 3017 Cyprus
995 2965 1050 3007 V.
1087 2966 1272 3022 Cyprus
