2101 3492
830 414 879 417 —
944 393 993 432 :57
1058 415 1105 418 —

195 512 349 556 levem
380 526 582 569 poenam
603 513 908 569 imposituros
929 513 1084 556 fuisse.
1139 514 1421 558 Clementiae
1446 518 1586 571 igitur
1607 531 1738 573 prae-

193 588 320 629 texto
362 588 462 628 tam
512 586 636 629 futili
675 587 756 630 vix
801 600 1088 643 quemquam
1128 588 1303 630 nedum
1350 588 1574 632 Hecataei
1616 591 1739 633 criti-

195 672 302 702 cam
333 660 485 702 aciem
518 659 734 715 decipere
765 662 994 716 poterant.
1028 685 1081 687 —
1111 660 1329 704 Fortasse
1366 663 1505 704 etiam
1536 676 1591 705 ea
1622 676 1739 718 quae

195 733 253 776 de
283 731 500 787 Pelasgis
531 733 591 776 ab
624 733 728 776 aliis
760 733 968 789 expulsis
1001 733 1175 775 similia
1196 735 1525 788 narrabantur,
1556 736 1683 778 velut
1715 749 1739 776 a

196 805 435 849 Thessalis
459 805 530 858 (cf.
553 806 754 850 Deiochi
776 807 829 849 fr.
855 812 877 845 5
901 806 1151 859 Muelleri),
1183 806 1407 850 Hecataei
1430 809 1741 864 suspicionem

193 879 462 923 movebant.

312 970 364 1023 32)
394 969 523 1013 Nam
546 983 603 1013 ex
621 970 877 1026 sculpturis
898 970 1005 1024 illis,
1029 971 1199 1026 quibus
1221 983 1355 1026 reges
1376 984 1450 1014 res
1473 985 1500 1014 a
1521 984 1568 1014 se
1590 974 1744 1026 gestas

197 1047 243 1087 et
272 1044 434 1100 copias
473 1057 584 1086 suas
622 1044 750 1086 saxis
786 1043 959 1086 infixas
998 1057 1166 1087 ornare
1198 1046 1241 1086 et
1271 1045 1524 1088 memoriae
1560 1044 1745 1087 tradere

199 1118 416 1161 solebant
435 1116 709 1160 Herodotus
740 1118 1023 1160 vestimenta
1052 1118 1260 1161 barbara
1290 1131 1384 1160 non
1416 1119 1626 1174 sumpsit,
1657 1119 1746 1160 nisi

195 1191 316 1235 forte
340 1185 498 1242 χάλκεα
526 1185 696 1244 nechea,
727 1190 923 1239 κιθῶνας
946 1187 1174 1239 ποικίλους
1196 1190 1305 1243 (VH
1327 1193 1394 1243 61)
1423 1186 1596 1244 ῥόπαλα
1618 1186 1747 1239 ξύλων

197 1262 463 1318 τετυλωμένα
507 1259 669 1319 σιδήρῳ
712 1262 873 1313 λινέους
916 1259 1121 1320 θώρηκας
1150 1264 1237 1317 (63)
1276 1259 1375 1313 τόξα
1412 1260 1629 1315 καλάμινα
1661 1266 1744 1313 (65)

198 1339 355 1392 εἵματα
386 1335 635 1391 βεβαμμένα
668 1340 753 1391 (67)
792 1334 931 1391 ζειρὰς
972 1334 1180 1386 ποικίλας
1221 1338 1308 1391 (75)
1357 1350 1470 1379 saxo
1515 1338 1747 1393 insculpta

202 1413 432 1468 distingui
467 1425 605 1469 posse
644 1413 904 1456 credemus.
968 1411 1275 1467 Singularum
1319 1424 1503 1466 quoque
1539 1412 1747 1466 gentium

199 1488 249 1530 in
291 1488 461 1530 vestitu
505 1486 841 1529 similitudines
879 1485 962 1529 tali
997 1485 1139 1528 modo
1170 1485 1318 1527 multo
1349 1485 1504 1527 minus
1536 1484 1746 1526 animad—

199 1561 321 1605 verti
357 1562 595 1617 poterant3
647 1560 705 1603 de
744 1561 916 1616 quibus
953 1558 1224 1602 Herodotus
1260 1558 1491 1614 plurimus
1528 1560 1605 1600 est.
1665 1557 1748 1599 Tot

202 1636 361 1678 autem
391 1636 556 1689 gentes
587 1636 686 1676 tam
719 1632 970 1688 diligenter
1000 1632 1163 1675 tabula
1193 1632 1342 1687 pictas
1371 1644 1469 1674 esse
1500 1631 1655 1674 nescio
1688 1644 1747 1672 an

198 1721 294 1751 non
324 1708 480 1763 magis
512 1707 739 1750 credibile
771 1707 840 1749 sit.

317 1799 367 1851 33)
399 1798 475 1841 Fr.
514 1801 552 1840 4.
615 1796 864 1841 Choerilus
897 1796 1058 1853 Syrios
1090 1796 1466 1838 Palaestinenses
1496 1794 1634 1848 longe
1666 1793 1749 1835 ali-

200 1876 274 1916 ter
310 1872 536 1916 describit
573 1873 712 1928 atque
745 1870 1016 1914 Herodotus
1045 1869 1158 1922 (VH
1192 1869 1274 1921 821).
1307 1892 1359 1896 —-
1391 1866 1527 1918 Quod
1559 1866 1615 1909 de
1647 1865 1748 1908 Ori-

201 1946 336 2003 thyia
364 1946 444 1989 ille
467 1946 577 2001 agit,
609 1946 730 1988 sicut
751 1944 1022 1987 Herodotus
1053 1942 1165 1994 (VII
1189 1941 1297 1994 189),
1329 1954 1386 1984 ne
1417 1940 1537 1983 lecta
1559 1939 1747 1995 quidem

203 2021 263 2063 ab
294 2019 386 2063 hoc
407 2019 536 2062 illius
558 2018 751 2062 Persica
784 2017 1073 2073 comprobat,
1106 2015 1282 2058 nedum
1304 2014 1548 2068 exscripta.
1588 2037 1617 2040 -
1646 2012 1699 2053 fr.
1723 2013 1746 2052 i),

205 2094 263 2137 de
300 2093 435 2138 Sacis
479 2093 538 2136 ab
580 2091 824 2135 Herodoto
867 2090 1006 2147 plane
1044 2089 1280 2144 discrepat
1310 2086 1425 2140 (VH
1457 2088 1549 2138 64),
1595 2098 1744 2139 neque

203 2167 304 2210 ulla
334 2166 659 2210 similitudinis
688 2165 812 2208 inter
841 2167 1094 2218 utrumque
1125 2161 1201 2204 vel
1231 2161 1401 2203 umbra
1434 2160 1636 2214 apparet.
