2101 3492
784 438 835 442 -
898 417 1030 456 23—

140 550 257 579 num
306 536 606 592 aliquatenus
657 537 901 594 exemplar
950 552 1007 581 ex
1052 537 1223 581 Glauci
1264 537 1472 593 Rhegini
1512 536 1703 589 iudicio,

143 609 315 652 Persas
345 606 391 649 ἐκ
437 609 518 649 [ὧν
564 611 806 651 Φοινισσῶν
850 607 1061 664 Φρυνίχου
1098 611 1521 666 παραπεποιῆσθαι,
1560 610 1701 653 colle-

141 683 375 737 >6161111128)
436 682 624 736 (Α63611.
669 684 796 727 Pers.
845 676 996 737 ἱποθ).
1059 684 1109 729 Si
1153 684 1427 739 diligentius
1470 697 1706 740 quasnam

141 757 350 800 maxime
371 756 562 800 fabulae
584 760 741 813 partes
764 759 987 814 spectarit
1007 758 1156 801 Italus
1183 758 1263 801 ille
1293 758 1528 801 litteratus
1547 757 1706 808 homo,

143 834 202 877 (16
230 831 375 876 11111113
405 832 561 885 inagis
584 831 915 885 cogitabimus,
948 845 1092 887 quam
1125 831 1183 874 de
1206 832 1379 888 quibus
1400 834 1539 887 poeta
1570 830 1706 874 miles

142 905 373 963 quamdiu
405 905 504 947 suis
536 904 687 947 oculis
718 904 832 947 belli
863 917 1002 948 casus
1029 905 1317 958 intuebatur,
1347 905 1549 947 minima
1580 917 1708 948 60111-

142 980 297 1037 perire
338 980 515 1034 posset,
560 978 691 1020 velut
733 978 790 1020 de
834 978 964 1020 omni
1005 978 1263 1021 Persarum
1305 979 1603 1034 antiquitate,
1651 977 1709 1020 de

143 1053 382 1110 prioribus
424 1052 638 1106 regibus,
683 1051 740 1094 de
769 1052 984 1095 moribus
1016 1054 1061 1094 et
1090 1050 1334 1103 institutis',
1382 1051 1439 1094 (16
1470 1053 1708 1094 terrarum

144 1128 238 1170 situ
268 1139 325 1169 ac
357 1125 645 1168 nominibus.
696 1124 824 1168 Nam
856 1125 1196 1181 descriptiones
1218 1138 1491 1181 pugnarum
1513 1128 1557 1168 et
1589 1138 1708 1177 quae

144 1200 382 1256 pertinent
424 1198 486 1241 ad
528 1199 803 1241 recentioris
846 1199 1103 1241 memoriae
1144 1198 1338 1241 laudem
1374 1199 1523 1254 ipsius
1560 1198 1712 1241 indoli

142 1286 338 1316 necesse
369 1275 440 1316 est
471 1272 843 1315 contribuamus.
905 1271 1099 1315 Cetera-e
1131 1285 1243 1315 vero
1274 1274 1432 1328 partes
1464 1285 1582 1328 quas
1615 1273 1710 1327 sig-

144 1346 468 1400 nificavimus,
513 1347 613 1389 eius
655 1346 787 1388 modi
829 1348 955 1399 sunt,
1000 1359 1120 1402 quae
1157 1345 1421 1401 Phrynichi
1464 1345 1570 1388 stilo
1614 1359 1709 1388 non

146 1422 424 1476 repugnent.
488 1417 594 1470 Qua
623 1433 674 1462 re
711 1418 974 1462 videndum
1005 1421 1092 1472 est,
1129 1419 1256 1462 unde
1287 1419 1488 1474 imagini
1517 1419 1709 1462 fabulae

143 1493 359 1549 perditae
403 1506 460 1535 ex
504 1493 583 1545 eis,
629 1506 751 1549 quae
797 1492 854 1535 de
899 1496 1037 1548 poeta
1078 1493 1333 1535 traduntur
1374 1493 1709 1544 minutissima,

147 1567 437 1610 lineamenta
459 1566 697 1621 quaedam
720 1566 987 1609 afferamus.
1049 1565 1197 1608 Poeta
1216 1566 1341 1609 bello
1364 1565 1557 1608 Persico
1580 1565 1712 1609 vide-

144 1643 225 1683 tur
256 1653 442 1682 summo
481 1640 653 1682 ardore
690 1640 871 1695 patriae
902 1639 1227 1682 inflammatus
1259 1652 1378 1692 esse,
1418 1640 1497 1691 qui
1526 1640 1710 1695 primus

147 1713 447 1768 tragoediam
490 1727 518 1755 a
560 1714 811 1756 remotiore
855 1714 1124 1769 priscarum
1171 1713 1447 1756 fabularum
1489 1725 1605 1768 agro
1649 1713 1713 1755 ad

145 1800 343 1830 suorum
372 1789 641 1842 temporum
684 1786 802 1829 fines
839 1787 1092 1829 revocavit.
1151 1786 1466 1830 Themistocle
1506 1786 1710 1829 familia-

144 1861 260 1903 riter
290 1860 512 1902 utebatur
544 1859 682 1912 (Plut.
714 1859 873 1902 Them.
908 1859 972 1912 5),
1017 1873 1127 1902 cum
1162 1859 1241 1903 1116
1279 1872 1354 1902 res
1393 1872 1503 1902 suas
1537 1859 1596 1902 ab
1628 1858 1710 1902 illo

144 1934 308 1976 ornari
328 1932 616 1989 perlibenter
642 1935 893 1988 pateretur.
946 1933 1098 1975 Mileti
1121 1933 1251 1976 dedit
1281 1933 1541 1985 excidium3
1576 1933 1710 1976 cuius

140 2006 257 2049 facti
279 2007 319 2049 si
340 2006 608 2061 cogitamus
630 2020 741 2049 eum
760 2020 857 2048 non
878 2007 1036 2048 minus
1059 2009 1279 2049 accurate
1312 2006 1525 2061 singulas
1550 2009 1710 2062 partes

141 2080 458 2134 enarravisse,
491 2093 637 2136 quam
658 2080 706 2122 in
729 2079 1003 2123 Phoenissis
1026 2080 1205 2123 bellum
1226 2079 1549 2133 Ρ6131611111Ἡ),
1584 2093 1710 2123 com-

144 2156 315 2209 parata
344 2152 503 2196 Persis
535 2153 824 2208 Aeschylea,
868 2153 1100 2196 habemus
1144 2167 1228 2196 cur
1265 2167 1375 2196 eum
1412 2153 1710 2196 Milesiorum

142 2228 286 2282 atque
315 2226 495 2270 Jonum
531 2226 809 2269 traditiones
847 2240 943 2269 non
978 2227 1145 2283 primis
1182 2227 1331 2270 labris
1368 2229 1585 2282 gustasse
1625 2227 1709 2269 sed

144 2313 170 2342 e
189 2299 398 2355 largiore
420 2300 631 2356 quodam
652 2299 779 2342 fonte
800 2299 1017 2343 hausisse
1040 2301 1360 2343 conficiamus.
1405 2298 1537 2351 Quae
1557 2299 1710 2343 Hero-

147 2372 286 2416 dotus
318 2373 376 2416 de
407 2373 759 2429 expugnatione
790 2372 942 2416 Mileti
973 2373 1109 2416 affert
1139 2373 1227 2421 <VI
1259 2376 1312 2415 20
1343 2377 1428 2429 sq.)
1471 2373 1711 2428 tragicum

145 2446 387 2501 quendam
401 2447 623 2502 spiritum
640 2449 810 2488 sonant
830 2460 916 2489 nec
937 2446 1144 2489 absurde
1159 2446 1329 2489 coniici
1343 2448 1455 2501 puto
1469 2446 1619 2489 lectae
1639 2446 1708 2489 fa-

147 2518 301 2572 bulae,
346 2520 481 2563 cuius
520 2520 810 2562 mentionem
840 2519 984 2562 faciat
1016 2519 1107 2571 (VI
1139 2520 1208 2571 21)
1240 2520 1523 2562 memoriam
1553 2533 1704 2576 quan-

142 2591 258 2634 dam
289 2593 533 2649 scriptoris
562 2594 721 2635 animo
751 2593 1055 2635 obversatam
1076 2605 1189 2635 esse.
1243 2591 1381 2636 Certe
1413 2593 1582 2636 eodem
1614 2607 1707 2649 quo

146 2664 449 2721 Phrynichus
481 2680 589 2709 eum
622 2666 748 2709 fonte
780 2678 921 2707 usum
953 2679 1054 2708 esse
1087 2679 1183 2708 non
1218 2668 1393 2709 temere
1429 2666 1549 2710 mihi
1580 2680 1709 2709 sum-

83 2778 86 2781 .
143 2739 332 2793 pserim.
384 2739 586 2782 Nullum
607 2742 765 2782 autem
791 2739 982 2781 illorum
1005 2738 1255 2781 hominum
1277 2740 1431 2783 civem
1453 2740 1576 2783 inter
1597 2753 1708 2783 suos

143 2811 251 2867 plus
287 2812 496 2856 valuisse
539 2826 685 2868 quam
721 2811 1017 2855 Hecataeum
1053 2811 1355 2866 Hegesandri
1397 2813 1551 2856 filium
1593 2814 1708 2856 satis

139 2898 203 2927 ex
234 2885 301 2928 eis
340 2885 569 2929 discimus
606 2899 728 2942 quae
768 2885 973 2939 legimus
1011 2885 1140 2941 apud
1170 2885 1489 2940 Herodotum,
1534 2887 1616 2942 qui
1649 2887 1707 2928 de

137 2957 324 3000 Jonum
359 2958 589 3001 seditione
626 2971 773 3013 agens
804 2958 932 3001 illius
963 2959 1237 3013 sententias,
1277 2960 1363 3002 etsi
1394 2959 1514 3002 nihil
1544 2959 1708 3002 effece-

143 3032 269 3084 rant,
310 3031 561 3085 diligenter
597 3031 791 3087 exponit
827 3030 920 3083 (ΠΙ
960 3033 1012 3074 36
1045 3033 1089 3074 et
1123 3032 1299 3084 125).3⁰)
1367 3030 1523 3083 Quare
1556 3031 1708 3087 Phry-
