2101 3492
265 502 355 546 III.
389 503 449 546 90
473 516 538 558 sq.
905 508 951 548 V.
988 510 1057 551 49.
1475 513 1525 555 V.
1558 515 1625 557 52.

191 591 272 636 VI.
305 593 554 649 Aegyptus

305 665 473 721 Libya.

844 742 922 786 VI.
955 744 1183 788 Armenia
1378 747 1433 791 V.
1465 749 1695 793 Armenia

816 815 920 859 VII.
954 816 1149 861 Matieni
1352 820 1432 863 VI.
1464 821 1660 866 Matieni

801 888 922 931 VIII.
958 890 1109 933 Cissia
1336 893 1434 936 VII.
1469 894 1621 938 Cissia

956 962 1078 1006 Susa
1473 968 1604 1011 Susa.

305 1049 437 1102 Quae
480 1052 739 1095 sinulitudo
783 1049 878 1095 11011
921 1055 1116 1097 minoris
1153 1058 1378 1099 momenti
1416 1058 1484 1111 fit,
1536 1059 1664 1113 quod
1696 1058 1741 1100 V

191 1126 358 1168 49—52
388 1125 538 1167 multo
570 1126 799 1181 pauciora
828 1128 1023 1169 nomina
1063 1128 1360 1183 appellantur
1398 1144 1540 1185 quam
1570 1131 1643 1174 III
1674 1135 1737 1174 90.

192 1198 280 1241 Illo
312 1199 439 1242 enim
470 1199 574 1242 1000
607 1199 726 1242 nihil
746 1200 971 1243 intererat
991 1201 1084 1244 nisi
1110 1203 1288 1245 itineris
1312 1203 1616 1247 directionem
1636 1206 1739 1248 bre-

194 1272 313 1315 viter
343 1272 627 1327 significare,
658 1273 800 1329 plura
830 1274 1043 1317 conferre
1073 1274 1193 1317 1111111
1224 1277 1412 1318 0111111110
1436 1277 1497 1319 ad
1518 1291 1616 1319 rem
1636 1291 1740 1333 per-

192 1346 382 1389 tinebat.
445 1345 678 1390 Videmus
722 1349 881 1390 autem
923 1348 1116 1390 nomina
1148 1348 1191 1389 V
1219 1352 1383 1391 49-*52
1414 1351 1480 1392 ita
1510 1364 1567 1393 ex
1597 1351 1668 1393 III
1690 1354 1742 1393 90

193 1420 332 1475 quasi
361 1420 528 1475 electa,
571 1423 625 1463 ut
666 1434 725 1463 ex
768 1434 1053 1477 unaquaque
1097 1423 1304 1478 satrapia
1340 1423 1553 1477 singulae
1589 1426 1741 1466 terrae

194 1493 376 1537 scilicet
394 1495 633 1550 principes
659 1494 928 1538 afferantur.
980 1495 1036 1537 In
1057 1495 1305 1551 plerisque,
1337 1510 1431 1538 non
1452 1497 1500 1539 in
1523 1497 1740 1540 omnibus

195 1566 319 1610 hanc
349 1568 583 1611 rationem
627 1568 929 1611 observatam
967 1581 1067 1611 esse
1097 1582 1191 1611 non
1221 1582 1296 1611 me
1326 1569 1464 1624 fugit,
1507 1583 1565 1612 ex
1607 1570 1742 1613 tertia

198 1642 410 1698 satrapia
448 1643 758 1685 nominantur
792 1642 832 1684 V
854 1645 905 1684 49
938 1645 983 1685 et
1013 1646 1062 1685 52
1095 1642 1305 1698 Phrygia
1346 1645 1390 1686 et
1427 1642 1740 1699 Cappadocia,

198 1714 283 1758 sed
304 1714 636 1772 Cappadociae
662 1718 707 1759 et
728 1715 922 1759 Ciliciae
953 1716 1070 1758 fines
1100 1718 1167 1758 tot
1195 1717 1370 1759 mutuis
1403 1717 1742 1759 variationibus

197 1789 319 1832 inter
349 1802 399 1832 se
428 1789 742 1844 fluctuabant,
773 1792 826 1832 ut
855 1791 1171 1846 satrapiarum
1202 1790 1417 1832 ordinem
1446 1790 1744 1832 incertiorem

197 1862 265 1905 ibi
292 1863 439 1906 fuisse
469 1864 748 1918 cogitemus.
814 1862 951 1915 Quod
982 1877 1038 1906 ex
1070 1864 1235 1919 quinta
1265 1863 1473 1918 satrapia
1494 1862 1537 1903 V
1559 1865 1610 1904 49
1643 1862 1744 1905 sola

199 1935 384 1992 Cyprus
416 1936 462 1978 V
494 1939 546 1979 52
579 1937 699 1980 nihil
735 1937 929 1980 affertur
959 1951 1053 1979 non
1090 1937 1299 1979 alienum
1330 1939 1394 1989 111,
1436 1949 1587 1991 neque
1618 1936 1743 1978 enim

197 2010 247 2052 in
278 2023 332 2053 ea
365 2011 460 2065 via,
504 2024 650 2067 quam
680 2011 951 2054 Herodotus
990 2011 1310 2066 descripturus
1342 2012 1459 2059 erat,
1500 2009 1608 2051 illae
1638 2022 1744 2064 pro-

199 2084 383 2128 vinciae
405 2085 710 2140 attingendae
741 2087 886 2128 erant.
939 2083 1094 2136 Quare
1126 2084 1406 2127 coniecerim
1436 2083 1531 2125 iam
1561 2083 1620 2125 ab
1651 2081 1744 2124 He-

199 2160 362 2201 cataeo
392 2159 626 2215 satrapias
644 2158 903 2202 Persarum
924 2159 1198 2201 observatas
1218 2157 1374 2209 fuisse,
1406 2156 1503 2198 sive
1533 2156 1581 2198 in
1602 2155 1743 2197 Asiae

199 2231 533 2289 descriptione,
577 2234 676 2276 sive
717 2233 766 2275 in
812 2232 977 2275 tabula
1016 2234 1271 2283 terrarum,
1315 2231 1413 2272 sive
1449 2230 1497 2272 in
1532 2230 1743 2283 utroque,

198 2287 520 2349 nobilissimas
564 2309 722 2349 autem
765 2306 992 2361 cuiusque
1030 2305 1263 2359 satrapiae
1299 2304 1460 2357 gentes
1491 2304 1603 2343 nota
1632 2314 1746 2356 qua-

200 2378 312 2421 dam
341 2379 593 2435 insignitas
620 2379 698 2422 vel
728 2378 854 2421 solas
885 2378 1164 2420 nominatim
1195 2376 1363 2418 allatas
1395 2388 1508 2427 0000,
1538 2374 1589 2416 id
1619 2373 1746 2429 quod

200 2451 389 2496 tabulae
419 2454 575 2508 magis
607 2452 812 2509 quadrat
833 2464 977 2508 quam
1004 2451 1125 2493 libro
1158 2449 1230 2502 (cf.
1255 2447 1299 2489 V
1320 2450 1402 2499 49).
1455 2445 1585 2498 Quae
1613 2447 1655 2489 si
1679 2447 1746 2488 ita

199 2538 248 2568 se
279 2525 473 2581 habent,
517 2527 775 2569 accedebat
802 2524 1045 2568 Herodoto
1083 2535 1244 2574 causa,
1289 2534 1373 2564 0111·
1402 2521 1450 2562 111
1481 2519 1565 2562 illa
1594 2521 1743 2561 satra-

198 2599 387 2654 piarum
415 2602 550 2656 parte
580 2599 819 2642 Hecataeo
851 2599 1060 2640 uteretur
1090 2597 1291 2638 auctore.

312 2712 367 2766 25)
398 2711 530 2765 Quae
565 2713 640 2757 HI
675 2716 728 2755 90
769 2712 992 2767 leguntur
1041 2701 1129 2749 ἆπό
1181 2705 1228 2749 δὲ
1271 2700 1614 2761 Ἑλλησποντίων
1662 2704 1722 2744 τιῖ
1723 2719 1744 2743 ν

198 2783 290 2827 ἐπὶ
325 2784 464 2836 δεξιὰ
507 2785 776 2828 ἐσπλέοντι
815 2785 908 2828 11101
943 2784 1002 2827 ab
1036 2782 1228 2826 homine
1261 2780 1443 2824 Graeco
1475 2779 1620 2822 scribi
1649 2791 1745 2821 non

198 2862 427 2917 poterant.
487 2861 590 2904 Etsi
627 2859 984 2904 concedendum
1021 2859 1090 2899 est
1123 2855 1246 2898 hanc
1276 2855 1533 2897 verborum
1563 2850 1745 2895 confor-

198 2935 458 2978 mationem
480 2934 677 2979 Graecis
707 2934 1017 2990 perusitat-am
1046 2931 1190 2973 fuisse
1220 2928 1370 2971 nihilo
1401 2927 1557 2969 minus
1587 2927 1743 2967 tamen

201 3010 428 3053 credibile
471 3013 541 3053 est
582 3009 876 3053 Herodotum
921 3005 1184 3061 exprimere
1228 3001 1466 3045 Graecum
1510 2997 1745 3080 eluendam
